4025 5231
714 203 1750 221 200 años a q̃ se ciharõ los tarentos de la china.

885 440 2730 231 sacar q̃ tanto a querreynaeste linage porqueno pudimos auer suistoria alasmanos

885 584 2717 157 Mas de q̃ dizen que El que agora Reyna llamado. Bandig. es Eldozeno Rey

871 659 2715 154 de su linage Ya tres años querreyna conser de edad detreze años pocos mas. o.

877 741 2712 133 menos dizen que aura dozientos años que se echaron los tartaros. A los quales

886 799 2816 165 si iuntamos los .2257. años que uuo Reyes antes delaçerca pone en admiraciõ

886 880 2810 169 que aya Estado esterreyno tan Entero y yntacto de gente estrangera sacando El

903 964 2834 166 poco tp̃o que lo poseyeron los tartaros quesiestaistoria es uerdadera nomuchos

892 1043 2848 165 años despues deldiluuio començarõ atener Reyes y an estado sin mezcla de gnͭ ͤ

902 1172 585 140 estrangera.  ̃ ̃

1465 1220 1321 227 ¶Dela manera dela gente y de sus

1749 1357 764 139 costumbres y trages.

935 1400 2819 195 Es la gẽte de taybin Toda auna mano blanca y bien dispuesta Y qnͩ.ͦ niños son

851 1514 2845 151 Muy hermosos pero en siendo grandes separan feos. y son mal barbados. y

900 1583 2857 157 tienen los oios menudos. crian El caballo largo y se precian detener grã cauellera

903 1668 2805 162 laqual larretuerçen Rebueluen y añudã sobrelacoronilla dela caueça y luego se

915 1766 2854 163 ponen unaescofieta partida y aguierada pormedio para detener y afirmar ⟦E⟧la

912 1842 2772 142 cauallera Y luego ençima su bonete hecho deçerdas de cauallo esto es lo comũ. aũq̃

880 1915 2828 159 los bonetes de capitanes son de otro hilo subtilissimo y debaxo unarredezuela

929 1999 2799 148 sobredorada y tienen buͤnrrato enque entender cada mañana enpeynarle y cõ

935 2074 2854 166 poner sus cauellos las mugeres no se ponẽ tocado ninguno sobre la cabeça mas de

927 2170 2755 149 o alguna guirnalda. o. Ioyas deplata o doradas que encaxan Enlas enrros

929 2243 2854 160 caduras de cauellos y es gente muy Recogida y onestas las mugeres q̃ por

935 2353 2816 131 marauilla Enlas ciudades y pueblos grandes uiamos muger ninguna sino era

935 2429 2886 142 alguna muy uieia. Solamente Enlas aldeas que pareçe auia mas simpliçidad

938 2513 2857 134 andauan mas comunmẽte las mugeres Y aũ porlas labranças. Y usan desde

935 2603 2866 140 ⟦⟧chiquitas Retorçerles y faxarles detalmanera los pies q̃ las mancan y dexã

927 2705 2880 131 todos los dedos debaxo Elpulgar rretorcido Elpie. Crian comunmente los hombres

941 2804 2889 122 enla una mano las uñas muy largas y se preçian dello q̃. uimos a muchos q̃ teniã

932 2891 2889 116 tanlargas las uña como los dedos. Su uestido comun de lienço dealgodon tenido azul

944 2975 2860 122 o. prieto sinoes quando traer luto quentonçes ansi el uestido como El bonete es de

947 3060 2865 128 otro genero de lienço crudo y quanto mas çercano fuere Elparentesco del defunto

947 3138 2865 151 es mas basto El lienço de surropa El uestido comũ es unsayo largo hastamedia

953 3249 2851 133 yunos çarahuelles estrechos y largos yunos alpargates hechos de paia y algunos

953 3336 2804 119 ponen En lugar de camisa debaxo del sayo una camisa dereD de malla gruesa q̃

950 3414 2842 137 puede Entrar el dedo porlared y aũ por casa los capitanes que con nosotros andauan

950 3504 2813 131 como hazia calor quitauanse los sayos y quedauan Enla dicha camisa dered

950 3597 2857 134 y çaraguelles. los paies delos capitanes comũmente andan En cauello enrroscad

953 3693 2804 125 arriba y atado con un hilo yunpũzon quelo pasa y traen medias calças y ça

959 3777 2795 125 patos de paia tambien texidos queno pareçen sino depunto de seda cruda. La

961 3865 2843 127 gnͭ. ͤ prinçipal y capitanes y gobernadores traen unas rropas largas de seda

959 3952 2853 125 comunmente dedamasco hasta El suelo con unas mangas muy grades y anchas

956 4039 2804 128 y unas botas tapetadas anchas y grandes Retorçida la punta delpie para

950 4129 2827 122 arriba y para ponerselas bendanse primero los pies y piernas con una benda

956 4210 2795 125 grande de lienço y estas botas y el bonete que es diferente esla insignia deque

863 4295 2935 128 tiene cargo de iustiçia. o. es capitan y mas suelen traer enla Ropa desedaũleon

959 4391 2862 104 grande broslado delante los pechos y otro detras. Los bonetes dela gente comun

953 4460 2877 111 sonrredondos y delos hidalgos quadrados como bonetes de clerigo y todos estos

959 4533 2862 183 son deçerdas de cauallo sinoes q̃ trayan luto como diximos arriba. Los uirreyes

627 3292 241 102 pierna

3481 276 110 101 25
