<alto xmlns:xsi="http://www.w3.org/2001/XMLSchema-instance" xmlns="http://www.loc.gov/standards/alto/ns-v4#" xsi:schemaLocation="http://www.loc.gov/standards/alto/ns-v4# http://www.loc.gov/standards/alto/v4/alto-4-2.xsd">
  <Description>
    <MeasurementUnit>pixel</MeasurementUnit>
    <sourceImageInformation>
      <fileName>25v.jpg</fileName>
      <fileIdentifier>mets//export_doc4727_esp_325_esp_161_alto_202502040919.zip/25v.jpg</fileIdentifier>
    </sourceImageInformation>
  </Description>
  
  <Tags>
    <OtherTag ID="BT16575" LABEL="MarginTextZone" DESCRIPTION="block type MarginTextZone"/><OtherTag ID="BT16576" LABEL="DamageZone" DESCRIPTION="block type DamageZone"/><OtherTag ID="BT16577" LABEL="DigitizationArtefactZone" DESCRIPTION="block type DigitizationArtefactZone"/><OtherTag ID="BT16578" LABEL="DropCapitalZone" DESCRIPTION="block type DropCapitalZone"/><OtherTag ID="BT16579" LABEL="GraphicZone" DESCRIPTION="block type GraphicZone"/><OtherTag ID="BT16581" LABEL="NumberingZone" DESCRIPTION="block type NumberingZone"/><OtherTag ID="BT16582" LABEL="QuireMarksZone" DESCRIPTION="block type QuireMarksZone"/><OtherTag ID="BT16583" LABEL="RunningTitleZone" DESCRIPTION="block type RunningTitleZone"/><OtherTag ID="BT16584" LABEL="SealZone" DESCRIPTION="block type SealZone"/><OtherTag ID="BT16585" LABEL="StampZone" DESCRIPTION="block type StampZone"/><OtherTag ID="BT16586" LABEL="TableZone" DESCRIPTION="block type TableZone"/><OtherTag ID="BT16587" LABEL="TitlePageZone" DESCRIPTION="block type TitlePageZone"/><OtherTag ID="BT16580" LABEL="MusicZone" DESCRIPTION="block type MusicZone"/><OtherTag ID="BT19261" LABEL="MainZone" DESCRIPTION="block type MainZone"/>
    <OtherTag ID="LT6926" LABEL="DefaultLine" DESCRIPTION="line type DefaultLine"/><OtherTag ID="LT6927" LABEL="HeadingLine" DESCRIPTION="line type HeadingLine"/><OtherTag ID="LT6928" LABEL="InterlinearLine" DESCRIPTION="line type InterlinearLine"/>
  </Tags>
  
  <Layout>
    <Page WIDTH="4025" HEIGHT="5231" PHYSICAL_IMG_NR="1" ID="eSc_dummypage_">
      <PrintSpace HPOS="0" VPOS="0" WIDTH="4025" HEIGHT="5231">
        
        <TextBlock HPOS="474.0" VPOS="425.0" WIDTH="2931.0" HEIGHT="4289.0" ID="eSc_textblock_a15791e2" TAGREFS="BT19261">
          <Shape><Polygon POINTS="546 425 474 4686 3405 4714 3396 534"/></Shape>
          
          
          <TextLine ID="eSc_line_048960c6" TAGREFS="LT6926" BASELINE="616 543 3234 622" HPOS="610" VPOS="444" WIDTH="2621" HEIGHT="209">
            <Shape><Polygon POINTS="3139 566 3100 562 3056 553 3013 549 2969 544 2926 536 2899 531 2686 527 2686 523 2660 501 2620 501 2577 496 2533 496 2490 496 2446 492 2402 492 2359 492 2315 492 2271 488 2228 488 2219 488 2184 505 2023 483 2010 483 1966 479 1923 479 1792 496 1779 496 1774 496 1726 475 1722 475 1718 475 1526 488 1508 488 1482 466 1443 466 1404 466 1312 479 1268 462 1225 462 1190 457 1068 475 1050 475 1029 475 902 448 876 448 815 466 811 466 784 444 745 444 706 444 614 457 614 540 610 571 3222 653 3231 619 3170 566 3139 566"/></Shape>
	    <String CONTENT="oo ꝟnadores capitanes y ministros de iustͣ traen por casa un bonete amanera" HPOS="610" VPOS="444" WIDTH="2621" HEIGHT="209"/>
          </TextLine>

          
          
          <TextLine ID="eSc_line_e8ece2fa" TAGREFS="LT6926" BASELINE="595 613 3321 697" HPOS="592" VPOS="546" WIDTH="2729" HEIGHT="186">
            <Shape><Polygon POINTS="595 613 592 630 825 650 828 650 831 650 860 642 874 639 895 642 976 662 979 662 982 662 1014 648 1220 648 1261 656 1362 674 1365 674 1517 665 1557 665 1575 668 1633 682 1636 682 1639 682 1641 682 1682 671 1702 668 1775 677 1909 691 1912 691 1996 685 2080 677 2101 688 2118 697 2121 697 2124 697 2127 697 2153 691 2194 680 3315 732 3321 697 3315 630 2958 639 2856 616 2853 616 2769 633 2673 610 2670 610 2667 610 2664 610 2394 621 2368 607 2365 607 2362 607 2359 607 2356 607 2316 619 2287 598 2284 598 2281 598 2278 598 2013 610 1854 607 1830 587 1827 587 1825 587 1822 587 1732 601 1702 584 1700 584 1697 584 1694 584 1691 584 1656 598 1354 572 1351 572 1168 584 1022 581 964 557 961 557 959 557 956 557 912 575 595 546 595 613"/></Shape>
	    <String CONTENT="de mitra pequeña de obispo con unas tiras y labores doradas. Mas porlas calles" HPOS="592" VPOS="546" WIDTH="2729" HEIGHT="186"/>
          </TextLine>

          
          
          <TextLine ID="eSc_line_35fc6ce3" TAGREFS="LT6926" BASELINE="607 682 1595 720 3304 761" HPOS="607" VPOS="633" WIDTH="2697" HEIGHT="163">
            <Shape><Polygon POINTS="607 682 607 729 758 717 932 720 964 738 970 741 973 741 976 741 990 741 1072 726 1182 743 1203 746 1206 746 1255 746 1493 738 1537 752 1546 755 1548 755 1551 755 1630 755 1918 749 2130 767 2246 775 2249 775 2287 770 2348 761 2557 775 2702 787 2705 787 2775 781 2853 775 2868 784 2882 793 2885 793 2888 793 2891 796 3301 796 3304 761 3304 720 2909 711 2900 706 2862 691 2859 691 2856 691 2804 703 2801 703 2795 703 2737 682 2734 682 2595 680 2592 680 2589 680 2542 694 2528 697 2505 694 2403 674 2400 674 2292 685 2240 691 2089 680 1938 668 1935 668 1883 674 1822 680 1798 671 1766 656 1764 656 1761 656 1621 665 1592 665 1580 662 1528 650 1525 650 1522 650 1461 659 1400 668 1380 656 1357 645 1354 645 1139 639 1136 639 1133 639 1110 648 1098 653 1092 648 1078 636 1075 636 1072 636 996 636 993 636 990 636 973 645 956 653 935 642 918 633 915 633 607 633 607 682"/></Shape>
	    <String CONTENT="o. quando estan ensutrono lleuan unos bonetes quenlamitad trasera se leuantan" HPOS="607" VPOS="633" WIDTH="2697" HEIGHT="163"/>
          </TextLine>

          
          
          <TextLine ID="eSc_line_953f11c1" TAGREFS="LT6926" BASELINE="598 761 3240 835" HPOS="593" VPOS="701" WIDTH="2642" HEIGHT="175">
            <Shape><Polygon POINTS="597 758 593 784 3226 876 3235 832 3235 775 597 701 597 758"/></Shape>
	    <String CONTENT="casi un xeme y mastienen dos como alas. o. oreias grandes puestas derecha" HPOS="593" VPOS="701" WIDTH="2642" HEIGHT="175"/>
          </TextLine>

          
          
          <TextLine ID="eSc_line_c1dd9af7" TAGREFS="LT6926" BASELINE="595 836 3338 936" HPOS="588" VPOS="758" WIDTH="2747" HEIGHT="214">
            <Shape><Polygon POINTS="1072 775 1050 771 998 771 985 771 941 771 898 767 893 767 854 767 811 767 767 767 723 762 680 762 636 762 593 758 593 832 588 871 3327 972 3335 932 3335 871 1098 775 1072 775"/></Shape>
	    <String CONTENT="mente alos lados. y este bonete lo usan todos los ministros de Iusticia y capitane" HPOS="588" VPOS="758" WIDTH="2747" HEIGHT="214"/>
          </TextLine>

          
          
          <TextLine ID="eSc_line_551a753d" TAGREFS="LT6926" BASELINE="592 915 3312 1007" HPOS="584" VPOS="850" WIDTH="2725" HEIGHT="200">
            <Shape><Polygon POINTS="2899 919 2886 915 2834 915 2812 915 2769 915 2725 911 2681 911 2638 911 2594 906 2551 906 2507 906 2463 902 2420 902 2376 897 2333 897 2289 897 2245 893 2202 893 2158 893 2114 889 2071 889 2027 889 1984 884 1940 884 1910 880 1844 880 1809 880 1796 876 588 850 588 911 584 954 1050 954 1251 980 1268 980 1273 980 1277 980 1312 963 1439 985 1460 989 1465 993 1465 989 1482 989 1574 972 2049 1006 2110 1011 2114 1011 2136 1011 2319 998 3301 1050 3309 1006 3309 945 2904 919 2899 919"/></Shape>
	    <String CONTENT="y uirrey ⟦⟧. pero si alguno desos capitanes o Iustiçias entra auer a otro mayor" HPOS="584" VPOS="850" WIDTH="2725" HEIGHT="200"/>
          </TextLine>

          
          
          <TextLine ID="eSc_line_7a3f1304" TAGREFS="LT6926" BASELINE="587 996 3287 1075" HPOS="579" VPOS="911" WIDTH="2704" HEIGHT="209">
            <Shape><Polygon POINTS="2328 976 2285 972 2241 972 2197 972 2154 967 2110 967 2067 963 2027 963 1805 972 1787 954 1761 954 1735 954 1687 967 1622 950 1587 950 1543 945 1530 945 1382 959 1251 937 1238 937 1194 932 1159 932 1077 950 1037 928 1020 928 994 928 928 945 876 924 845 924 802 919 758 919 715 919 671 915 627 915 584 911 584 993 579 1020 693 1046 697 1050 1312 1050 1343 1076 1347 1076 1351 1076 1356 1076 1565 1054 1569 1054 1578 1054 1783 1089 1787 1089 1892 1067 2337 1102 2341 1102 2459 1081 2476 1081 2490 1085 2572 1111 2577 1111 2834 1120 2838 1120 3279 1107 3283 1072 3283 1015 2415 993 2337 976 2328 976"/></Shape>
	    <String CONTENT="que El no lleua Eltal bonete sino un sombrero. El bonete del rrey segun lo euisto" HPOS="579" VPOS="911" WIDTH="2704" HEIGHT="209"/>
          </TextLine>

          
          
          <TextLine ID="eSc_line_82f8a177" TAGREFS="LT6926" BASELINE="587 1072 3307 1182" HPOS="579" VPOS="1002" WIDTH="2726" HEIGHT="218">
            <Shape><Polygon POINTS="584 1067 579 1107 3301 1220 3305 1181 3305 1115 584 1002 584 1067"/></Shape>
	    <String CONTENT="pintado en muchas partes Es dela misma forma que El de los Iustiçias saluo que" HPOS="579" VPOS="1002" WIDTH="2726" HEIGHT="218"/>
          </TextLine>

          
          
          <TextLine ID="eSc_line_fe110ef2" TAGREFS="LT6926" BASELINE="589 1150 2197 1191 3280 1250" HPOS="584" VPOS="1089" WIDTH="2695" HEIGHT="205">
            <Shape><Polygon POINTS="3248 1181 3205 1181 3165 1176 3148 1176 3117 1176 3100 1172 588 1089 588 1146 584 1172 789 1211 793 1211 798 1211 889 1190 911 1185 1029 1185 1037 1194 1059 1216 1059 1220 1064 1220 1068 1220 1072 1220 1308 1207 1408 1203 1491 1216 1574 1229 1578 1229 1665 1224 1774 1216 1796 1229 1814 1242 1818 1242 1822 1242 1827 1242 1831 1242 1853 1233 1875 1220 2215 1229 2250 1251 2276 1264 2280 1264 2285 1264 2380 1255 2446 1251 2498 1259 2551 1272 2555 1272 2559 1272 2581 1264 2625 1251 2677 1268 2699 1277 2703 1277 3270 1294 3279 1246 3279 1181 3248 1181"/></Shape>
	    <String CONTENT="es quadrado y aquellas dos alas que diximos no lastiene tangrandes nialos" HPOS="584" VPOS="1089" WIDTH="2695" HEIGHT="205"/>
          </TextLine>

          
          
          <TextLine ID="eSc_line_0fdebc49" TAGREFS="LT6926" BASELINE="578 1232 959 1232 3278 1335" HPOS="571" VPOS="1159" WIDTH="2703" HEIGHT="222">
            <Shape><Polygon POINTS="575 1229 571 1264 784 1251 872 1281 889 1285 893 1285 898 1285 941 1281 1077 1268 1268 1294 1386 1307 1391 1307 1469 1299 1582 1285 1639 1303 1687 1320 1691 1320 1696 1320 1844 1312 1979 1303 2128 1320 2376 1351 2380 1351 2385 1351 2437 1329 2450 1325 2468 1333 2498 1346 2503 1346 2507 1346 2625 1338 2673 1333 2694 1338 2786 1368 2790 1368 2795 1368 2913 1351 3087 1381 3091 1381 3270 1355 3274 1333 3274 1281 3074 1246 3069 1246 2974 1264 2777 1233 2773 1233 2769 1233 2712 1251 2681 1229 2677 1229 2673 1229 2668 1229 2494 1242 2481 1224 2476 1224 2476 1220 2472 1220 2468 1220 2463 1220 2380 1238 2376 1238 2372 1238 2180 1207 575 1159 575 1229"/></Shape>
	    <String CONTENT="lados sino por la parte trasera enlo alto derechas hazia arriba como cuernos" HPOS="571" VPOS="1159" WIDTH="2703" HEIGHT="222"/>
          </TextLine>

          
          
          <TextLine ID="eSc_line_3b480594" TAGREFS="LT6926" BASELINE="566 1316 961 1316 3257 1410" HPOS="558" VPOS="1233" WIDTH="2695" HEIGHT="214">
            <Shape><Polygon POINTS="3222 1333 3179 1333 3135 1329 3091 1329 3048 1325 3004 1325 2960 1320 2917 1320 2895 1316 1098 1264 1098 1259 1085 1242 1081 1242 1081 1238 1077 1238 1072 1238 1068 1238 902 1251 885 1251 876 1251 806 1233 780 1233 736 1233 693 1233 658 1233 562 1238 562 1312 558 1346 3244 1447 3253 1408 3248 1333 3222 1333"/></Shape>
	    <String CONTENT="El bonete delos escriuanos o secretarios tambien tiene sus oreias pero es muy di" HPOS="558" VPOS="1233" WIDTH="2695" HEIGHT="214"/>
          </TextLine>

          
          
          <TextLine ID="eSc_line_67058064" TAGREFS="LT6926" BASELINE="569 1392 909 1389 3275 1486" HPOS="562" VPOS="1316" WIDTH="2712" HEIGHT="218">
            <Shape><Polygon POINTS="2878 1394 2834 1390 2790 1390 2747 1390 2703 1386 2660 1386 2616 1381 2572 1381 2529 1381 2245 1381 2210 1381 2202 1381 2084 1360 2049 1360 2005 1360 1962 1355 1918 1355 1565 1355 1526 1355 1504 1338 1482 1338 1460 1333 1334 1346 1330 1346 1303 1325 1268 1325 1085 1338 1072 1338 1055 1338 902 1316 872 1316 828 1316 784 1316 741 1316 697 1316 654 1316 649 1316 566 1316 566 1390 562 1429 1164 1429 1247 1451 1277 1460 1282 1460 1286 1460 1386 1455 1548 1447 1639 1464 1722 1477 1726 1477 1840 1469 1940 1460 1992 1473 2040 1486 2045 1486 2398 1503 2402 1503 2407 1503 2459 1486 2476 1482 2503 1486 2612 1512 2616 1512 3022 1508 3165 1534 3170 1534 3174 1534 3270 1508 3274 1482 3274 1425 2886 1394 2878 1394"/></Shape>
	    <String CONTENT="ferenteẽ hechura dessotros. Los bonetes delos oydores y conseieros del Rey" HPOS="562" VPOS="1316" WIDTH="2712" HEIGHT="218"/>
          </TextLine>

          
          
          <TextLine ID="eSc_line_8c490e7e" TAGREFS="LT6926" BASELINE="566 1473 3286 1576" HPOS="558" VPOS="1403" WIDTH="2725" HEIGHT="192">
            <Shape><Polygon POINTS="562 1469 558 1503 3274 1595 3283 1573 3279 1486 3179 1503 2324 1455 1927 1434 1923 1434 1822 1438 1709 1447 1635 1434 1561 1421 562 1403 562 1469"/></Shape>
	    <String CONTENT="diferençian delos demas Enlapostura y forma delaoreias. los bonetes de" HPOS="558" VPOS="1403" WIDTH="2725" HEIGHT="192"/>
          </TextLine>

          
          
          <TextLine ID="eSc_line_0356101b" TAGREFS="LT6926" BASELINE="563 1563 970 1560 3247 1648" HPOS="558" VPOS="1473" WIDTH="2686" HEIGHT="218">
            <Shape><Polygon POINTS="3222 1573 3179 1573 3135 1569 3091 1569 2803 1569 2747 1556 2742 1556 2699 1551 2655 1551 2612 1551 2572 1547 2455 1556 2311 1538 2306 1538 2263 1538 2219 1534 2176 1534 2132 1530 2088 1530 2049 1530 2001 1538 1840 1521 1827 1521 1783 1516 1739 1516 1696 1516 1652 1512 1609 1512 1600 1508 1600 1512 1548 1521 1425 1508 1369 1499 1347 1499 1303 1499 1260 1499 1216 1495 1173 1495 1146 1495 1133 1499 1111 1503 1029 1495 950 1486 911 1486 867 1482 824 1482 780 1477 736 1477 693 1477 649 1473 562 1477 562 1560 558 1586 3235 1691 3244 1647 3240 1573 3222 1573"/></Shape>
	    <String CONTENT="los estudiantes son amodo deporta cartas ocofrezillos muy dorados y pulidos" HPOS="558" VPOS="1473" WIDTH="2686" HEIGHT="218"/>
          </TextLine>

          
          
          <TextLine ID="eSc_line_c8afa75a" TAGREFS="LT6926" BASELINE="537 1647 3306 1748" HPOS="532" VPOS="1556" WIDTH="2773" HEIGHT="248">
            <Shape><Polygon POINTS="780 1560 776 1560 771 1560 767 1560 763 1564 736 1582 536 1556 536 1643 532 1678 802 1678 828 1691 880 1717 911 1717 959 1695 989 1682 1255 1708 1260 1708 1264 1708 1495 1695 1705 1730 1709 1730 1713 1730 1718 1730 1975 1713 2071 1748 2114 1765 2119 1765 2123 1765 2128 1765 2132 1765 2149 1752 2193 1726 2267 1756 2298 1769 2302 1769 2459 1778 2463 1778 2564 1774 2817 1752 3296 1804 3305 1743 3305 1682 3139 1652 3135 1652 2995 1665 2956 1669 2943 1665 2895 1639 2891 1639 2886 1639 2690 1652 2616 1656 2572 1647 2472 1621 2468 1621 2463 1621 2459 1621 2389 1639 2350 1647 2254 1634 2106 1608 2101 1608 2097 1608 2040 1621 1988 1634 1910 1617 1866 1608 1862 1608 1796 1612 1648 1621 1543 1599 1473 1586 1199 1586 872 1586 811 1564 784 1560 780 1560"/></Shape>
	    <String CONTENT="los desus frayles son amaneza de mitra diferente delaque diximos delos capi" HPOS="532" VPOS="1556" WIDTH="2773" HEIGHT="248"/>
          </TextLine>

          
          
          <TextLine ID="eSc_line_5152992e" TAGREFS="LT6926" BASELINE="531 1720 3278 1817" HPOS="523" VPOS="1656" WIDTH="2751" HEIGHT="196">
            <Shape><Polygon POINTS="3231 1743 3187 1743 3144 1739 3100 1739 3056 1734 3013 1734 2969 1734 2926 1730 2882 1730 2838 1730 2795 1726 2751 1726 2708 1726 2664 1721 2620 1721 2577 1717 2533 1717 2490 1717 2446 1713 2402 1713 2359 1713 2315 1708 2271 1708 2228 1708 2184 1704 2141 1704 2114 1700 2053 1700 2010 1700 1992 1695 1901 1695 1879 1695 1870 1691 1748 1691 527 1656 527 1717 523 1748 3266 1852 3274 1813 3274 1743 3231 1743"/></Shape>
	    <String CONTENT="tanes y delos doble ⟦⟧ Les del mismo bonete hazẽ una⟦s⟧ como Rosa⟦s⟧ enla" HPOS="523" VPOS="1656" WIDTH="2751" HEIGHT="196"/>
          </TextLine>

          
          
          <TextLine ID="eSc_line_a7d77a18" TAGREFS="LT6926" BASELINE="557 1807 3294 1881" HPOS="549" VPOS="1743" WIDTH="2743" HEIGHT="183">
            <Shape><Polygon POINTS="3257 1813 3213 1813 3170 1813 3126 1809 3083 1809 3039 1809 2995 1804 2952 1804 2908 1804 2865 1800 2821 1800 2777 1800 2734 1795 2690 1795 2673 1791 2559 1791 2559 1791 2555 1787 553 1743 553 1804 549 1857 1513 1857 1539 1878 1539 1883 1543 1883 1548 1883 1552 1883 1587 1883 1801 1865 1892 1891 1901 1891 1905 1891 1910 1891 1914 1891 1918 1891 1988 1870 2119 1870 2154 1896 2154 1900 2158 1900 2162 1900 2167 1900 2215 1900 2468 1883 2616 1909 2646 1913 2651 1913 2677 1909 2769 1896 2795 1913 2799 1918 2803 1918 2808 1918 3183 1926 3187 1926 3192 1926 3196 1926 3231 1904 3279 1926 3292 1878 3292 1809 3257 1804 3257 1813"/></Shape>
	    <String CONTENT="parte delantera desuerte que por El bonete seconoçe quien es cadauno. o. q̃" HPOS="549" VPOS="1743" WIDTH="2743" HEIGHT="183"/>
          </TextLine>

          
          
          <TextLine ID="eSc_line_e89c097f" TAGREFS="LT6926" BASELINE="557 1891 3327 1971" HPOS="549" VPOS="1813" WIDTH="2773" HEIGHT="200">
            <Shape><Polygon POINTS="2878 1870 2777 1887 2764 1887 2760 1887 2712 1865 2690 1865 2681 1865 2664 1883 2660 1883 2507 1883 2503 1878 2481 1857 2472 1857 2428 1857 2415 1857 2285 1870 2280 1870 2184 1852 2167 1852 2123 1848 2080 1848 2075 1848 1914 1861 1888 1861 1875 1861 1805 1839 1774 1839 1770 1839 1739 1857 1735 1857 1722 1857 1622 1835 1600 1835 1556 1835 1513 1830 1487 1830 1308 1839 1229 1826 1207 1826 1164 1822 1120 1822 1077 1822 1033 1817 989 1817 946 1817 902 1817 893 1813 553 1817 553 1887 549 1935 985 1926 1133 1952 1138 1952 1561 1944 1657 1970 1661 1970 1665 1970 1670 1970 1910 1957 1984 1979 2005 1987 2010 1987 2014 1987 2158 1983 2529 1974 2590 1996 2616 2005 2620 2005 3314 2013 3322 1970 3318 1904 2882 1870 2878 1870"/></Shape>
	    <String CONTENT="officio tiene. Es gente llana y umilde y seruiçial sacando los mandadores q̃ se" HPOS="549" VPOS="1813" WIDTH="2773" HEIGHT="200"/>
          </TextLine>

          
          
          <TextLine ID="eSc_line_ab39b057" TAGREFS="LT6926" BASELINE="563 1979 3300 2062" HPOS="558" VPOS="1900" WIDTH="2738" HEIGHT="209">
            <Shape><Polygon POINTS="2568 1948 2564 1948 2302 1961 2215 1939 2176 1939 2171 1935 2106 1957 2084 1961 1975 1961 1962 1952 1936 1931 1914 1931 1901 1931 1848 1948 1835 1952 1827 1948 1792 1926 1783 1926 1753 1926 1691 1944 1678 1944 1657 1939 1539 1918 1521 1918 1478 1918 1434 1918 1412 1913 1159 1922 1011 1926 985 1918 937 1900 911 1900 898 1900 854 1913 832 1918 562 1904 562 1974 558 2022 702 2027 706 2027 710 2027 763 2000 828 2027 832 2027 837 2027 1378 2018 1853 2066 1875 2066 1879 2066 1888 2066 2058 2040 2106 2074 2110 2074 2114 2074 2407 2083 2411 2083 2420 2083 2599 2057 2729 2092 2742 2096 2747 2096 2751 2096 2821 2096 3179 2088 3288 2109 3296 2061 3296 2000 2808 1987 2795 1979 2708 1957 2703 1957 2699 1957 2694 1957 2629 1974 2616 1979 2612 1974 2577 1948 2568 1948"/></Shape>
	    <String CONTENT="hazen adorar. Son grandes trauaiadores y liberalisimos en sus officios que" HPOS="558" VPOS="1900" WIDTH="2738" HEIGHT="209"/>
          </TextLine>

          
          
          <TextLine ID="eSc_line_ff33e68e" TAGREFS="LT6926" BASELINE="552 2066 924 2054 3312 2143" HPOS="545" VPOS="1987" WIDTH="2764" HEIGHT="214">
            <Shape><Polygon POINTS="3035 2057 2991 2053 2947 2053 2934 2053 2865 2066 2860 2066 2851 2066 2786 2048 2773 2048 2729 2044 2690 2044 2646 2053 2599 2040 2555 2040 2511 2040 2503 2035 2463 2053 2455 2053 2119 2044 2114 2040 2097 2027 2075 2027 2032 2022 1988 2022 1944 2022 1901 2018 1896 2018 1735 2027 1705 2027 1700 2027 1683 2013 1683 2013 1639 2009 1596 2009 1552 2009 1508 2005 1465 2005 1421 2005 1378 2000 1343 2000 1282 2009 1255 2000 1247 2000 1203 1996 1159 1996 1116 1996 1085 1992 1037 2000 1007 1992 985 1992 941 1987 898 1987 880 1987 845 1996 837 1996 549 1987 549 2061 545 2105 832 2118 837 2118 841 2118 845 2118 937 2092 959 2109 959 2114 963 2114 968 2114 972 2114 976 2114 1046 2092 1181 2131 1190 2131 1194 2131 1199 2131 1203 2131 1207 2131 1282 2101 1565 2105 1896 2118 1931 2153 1931 2157 1936 2157 1940 2157 1944 2157 1966 2157 2132 2140 2189 2162 2193 2162 2197 2162 2202 2162 2302 2135 2350 2170 2354 2170 2359 2170 2363 2170 2380 2170 2620 2149 2655 2175 2655 2179 2660 2179 2664 2179 2790 2183 2795 2183 2799 2183 2899 2157 2974 2192 2978 2192 2982 2192 2987 2192 2991 2192 2995 2192 3087 2170 3301 2201 3309 2140 3305 2083 3048 2057 3035 2057"/></Shape>
	    <String CONTENT="pone espanto uer quan liberal mente concluyen las obras y son eneso inge" HPOS="545" VPOS="1987" WIDTH="2764" HEIGHT="214"/>
          </TextLine>

          
          
          <TextLine ID="eSc_line_f13fb5d8" TAGREFS="LT6926" BASELINE="557 2156 1310 2156 3345 2235" HPOS="549" VPOS="2061" WIDTH="2795" HEIGHT="223">
            <Shape><Polygon POINTS="2690 2118 2686 2118 2459 2135 2380 2140 2363 2131 2333 2109 2328 2109 2324 2109 2319 2109 2315 2109 2241 2127 2215 2135 2193 2127 2145 2105 2141 2105 2136 2105 1997 2122 1953 2127 1949 2122 1936 2105 1931 2105 1931 2101 1927 2101 1923 2101 1918 2101 1914 2101 1866 2118 1853 2122 1844 2118 1818 2101 1814 2101 1809 2101 1805 2101 1617 2109 1613 2109 1556 2079 1552 2079 1033 2061 1029 2061 553 2079 553 2153 549 2188 1151 2188 1343 2218 1412 2227 1417 2227 1513 2223 1753 2210 1783 2231 1792 2240 1796 2240 1801 2240 2053 2249 2058 2249 2093 2244 2180 2223 2263 2249 2280 2253 2285 2253 2289 2253 2385 2253 2646 2249 2729 2266 2764 2271 2769 2271 2773 2271 2777 2271 2782 2266 2812 2244 2943 2271 2965 2275 2969 2275 3000 2275 3192 2258 3335 2284 3344 2231 3340 2162 3231 2170 3205 2157 3183 2140 3179 2140 3174 2140 3170 2140 3165 2140 3135 2153 3109 2166 2974 2166 2904 2149 2825 2131 2821 2131 2817 2131 2769 2144 2738 2153 2725 2144 2699 2122 2699 2118 2690 2118"/></Shape>
	    <String CONTENT="niosos. Hallaran calles enteras decada offiçio. Sacando los mandadores y gente" HPOS="549" VPOS="2061" WIDTH="2795" HEIGHT="223"/>
          </TextLine>

          
          
          <TextLine ID="eSc_line_60ab1774" TAGREFS="LT6926" BASELINE="552 2246 3282 2294" HPOS="545" VPOS="2166" WIDTH="2734" HEIGHT="174">
            <Shape><Polygon POINTS="549 2244 545 2279 636 2314 641 2314 645 2314 798 2284 1338 2327 1343 2327 1347 2327 1351 2327 1391 2297 1430 2327 1434 2327 1439 2327 1443 2327 1447 2327 1534 2301 1591 2332 1596 2332 1600 2332 1905 2305 1944 2305 1953 2310 2032 2340 2036 2340 2040 2340 3274 2336 3279 2292 3274 2210 2542 2227 1814 2218 1792 2188 1787 2188 1787 2183 1783 2183 1779 2183 1774 2183 1766 2183 1617 2210 1556 2183 1552 2183 1548 2183 1325 2205 1282 2175 1277 2175 1273 2175 1268 2175 1255 2175 1111 2201 976 2170 968 2170 963 2170 950 2170 824 2192 549 2166 549 2244"/></Shape>
	    <String CONTENT="de guarnicion todas tienen sus officios. Y aunquetienen azemilas yasnillos" HPOS="545" VPOS="2166" WIDTH="2734" HEIGHT="174"/>
          </TextLine>

          
          
          <TextLine ID="eSc_line_c7c35bbc" TAGREFS="LT6926" BASELINE="537 2336 932 2330 1290 2351 3297 2393" HPOS="532" VPOS="2249" WIDTH="2764" HEIGHT="192">
            <Shape><Polygon POINTS="885 2249 841 2249 837 2249 811 2271 667 2279 654 2279 649 2279 606 2249 601 2249 597 2249 593 2249 588 2249 536 2271 536 2332 532 2362 649 2401 654 2401 658 2401 1068 2375 1081 2375 1286 2375 1286 2380 1364 2410 1369 2410 1373 2410 1378 2410 1382 2410 1421 2388 1644 2388 1753 2423 1757 2423 2638 2441 2642 2441 2803 2410 3013 2441 3017 2441 3292 2414 3296 2388 3288 2305 3226 2332 2895 2332 2860 2301 2851 2292 2847 2292 2843 2292 2838 2292 2799 2301 2703 2323 2420 2323 2241 2319 2202 2292 2180 2279 2176 2279 2171 2279 2167 2279 2162 2279 2158 2279 2158 2284 2145 2292 2123 2314 2045 2314 1949 2292 1753 2253 1600 2253 1596 2253 1591 2253 1587 2253 1587 2258 1552 2288 1504 2271 1500 2271 1495 2271 1491 2271 1487 2271 1487 2275 1469 2288 1465 2297 1443 2288 1395 2266 1391 2266 1386 2266 1382 2266 1378 2266 1356 2288 1351 2292 1338 2288 1303 2271 1299 2271 1295 2271 1107 2284 1090 2284 1085 2284 1002 2253 998 2253 994 2253 989 2253 985 2253 950 2279 885 2249 885 2249"/></Shape>
	    <String CONTENT="y cauallos decarga usantambien los hombres cargarse comolos naturales de" HPOS="532" VPOS="2249" WIDTH="2764" HEIGHT="192"/>
          </TextLine>

          
          
          <TextLine ID="eSc_line_206ea7e8" TAGREFS="LT6926" BASELINE="549 2423 3306 2479" HPOS="545" VPOS="2345" WIDTH="2760" HEIGHT="170">
            <Shape><Polygon POINTS="1330 2353 1312 2353 1268 2362 1190 2380 1024 2358 989 2353 985 2353 928 2353 606 2367 549 2345 545 2419 545 2480 636 2458 728 2484 750 2489 754 2489 758 2489 850 2484 1177 2467 1347 2489 1351 2489 1574 2476 1600 2493 1609 2502 1613 2502 1617 2502 1622 2502 1691 2493 1783 2484 1809 2497 1844 2510 1848 2510 1853 2515 3301 2515 3305 2476 3305 2419 3017 2414 3013 2410 2987 2388 2982 2388 2978 2388 2974 2388 2699 2401 2568 2406 2551 2397 2472 2358 2468 2358 2189 2353 2184 2353 2180 2353 2097 2384 2058 2397 1783 2393 1766 2375 1748 2362 1744 2362 1739 2362 1735 2362 1491 2371 1382 2371 1369 2367 1351 2353 1330 2353"/></Shape>
	    <String CONTENT="la nueua españa pero lleua tantacarga unchino como tres indios dela nueua" HPOS="545" VPOS="2345" WIDTH="2760" HEIGHT="170"/>
          </TextLine>

          
          
          <TextLine ID="eSc_line_825d9723" TAGREFS="LT6926" BASELINE="543 2510 3317 2555" HPOS="536" VPOS="2445" WIDTH="2778" HEIGHT="166">
            <Shape><Polygon POINTS="540 2506 536 2537 789 2541 793 2545 893 2576 898 2576 902 2576 1024 2550 1037 2550 1046 2550 1120 2580 1125 2580 1129 2580 1268 2558 1299 2554 1517 2554 1539 2563 1617 2589 1622 2589 1626 2589 2184 2580 2293 2580 2298 2584 2315 2598 2315 2602 2319 2602 2324 2602 2590 2606 2594 2606 2599 2606 2646 2593 2677 2580 2690 2593 2703 2602 2703 2606 2708 2606 2712 2606 2716 2606 2721 2606 2756 2593 2782 2584 2817 2598 2856 2611 2860 2611 2865 2611 3309 2606 3314 2554 3305 2476 3135 2493 2167 2462 1705 2449 1700 2449 1657 2458 1617 2467 1596 2458 1569 2445 1565 2445 1561 2445 540 2445 540 2506"/></Shape>
	    <String CONTENT="españa yassicargado andatanto casi como un cauallo y mas facil mẽte ha" HPOS="536" VPOS="2445" WIDTH="2778" HEIGHT="166"/>
          </TextLine>

          
          
          <TextLine ID="eSc_line_2ea2fff1" TAGREFS="LT6926" BASELINE="537 2589 3319 2639" HPOS="532" VPOS="2515" WIDTH="2786" HEIGHT="178">
            <Shape><Polygon POINTS="536 2584 532 2641 750 2619 832 2650 841 2654 845 2654 850 2654 872 2650 998 2628 1173 2654 1229 2663 1234 2663 1330 2659 1626 2637 1674 2663 1691 2672 1696 2672 1700 2672 1705 2672 1735 2663 1766 2654 1888 2663 2027 2676 2032 2676 2036 2676 2071 2667 2158 2646 2380 2672 2511 2685 2516 2685 2520 2685 2559 2672 2607 2659 2690 2676 2729 2680 2734 2680 2738 2680 2756 2676 2808 2659 2843 2676 2878 2693 2882 2693 2886 2693 2965 2676 3017 2667 3048 2680 3083 2693 3087 2693 3091 2693 3096 2693 3152 2680 3209 2667 3309 2680 3318 2637 3314 2576 536 2515 536 2584"/></Shape>
	    <String CONTENT="llaran hombres ꝑͣ carga que animales. Antes muchas uezes andauan" HPOS="532" VPOS="2515" WIDTH="2786" HEIGHT="178"/>
          </TextLine>

          
          
          <TextLine ID="eSc_line_53c517b1" TAGREFS="LT6926" BASELINE="540 2673 1464 2699 3336 2723" HPOS="540" VPOS="2621" WIDTH="2796" HEIGHT="145">
            <Shape><Polygon POINTS="540 2673 540 2731 650 2731 650 2728 653 2728 717 2705 848 2705 900 2734 903 2734 906 2734 909 2734 921 2734 1086 2711 1255 2737 1278 2740 1281 2740 1284 2740 1296 2737 1371 2717 1429 2731 1432 2731 1435 2731 1787 2725 1822 2743 1825 2743 1827 2743 1839 2743 2011 2731 2144 2746 2217 2754 2220 2754 2461 2749 2897 2740 2935 2754 2958 2763 2961 2763 2964 2763 2967 2763 2996 2754 3039 2743 3127 2757 3190 2766 3193 2766 3333 2757 3336 2723 3336 2676 3109 2659 3106 2659 3103 2659 3100 2659 3083 2670 3068 2676 2894 2676 2842 2664 2772 2653 2769 2653 2708 2661 2656 2670 2621 2661 2586 2650 2583 2650 2580 2650 2423 2656 2249 2664 2226 2653 2214 2644 2211 2644 2208 2644 2205 2644 2202 2644 2173 2653 2136 2661 1865 2661 1810 2644 1784 2638 1781 2638 1778 2638 1775 2638 1755 2644 1702 2656 1342 2653 1275 2635 1267 2632 1264 2632 1261 2632 1240 2632 1095 2647 938 2627 924 2627 921 2627 909 2627 793 2641 755 2624 752 2624 540 2621 540 2673"/></Shape>
	    <String CONTENT="aporfia yapuñeandose sobre quientomaria lacarga yquando llegauamos ͣ cerca" HPOS="540" VPOS="2621" WIDTH="2796" HEIGHT="145"/>
          </TextLine>

          
          
          <TextLine ID="eSc_line_bfe748c9" TAGREFS="LT6926" BASELINE="534 2757 938 2752 1235 2778 3304 2804" HPOS="531" VPOS="2693" WIDTH="2773" HEIGHT="154">
            <Shape><Polygon POINTS="534 2757 531 2786 976 2807 979 2807 1034 2798 1063 2795 1072 2801 1104 2821 1107 2821 1110 2821 1113 2821 1115 2821 1168 2804 1217 2821 1220 2821 1223 2821 1226 2821 1258 2804 1264 2801 1348 2807 1650 2827 1653 2827 1711 2813 1755 2804 1854 2818 1976 2833 1979 2833 2089 2821 2162 2816 2185 2824 2211 2836 2214 2836 2217 2836 2272 2827 2301 2821 2313 2827 2330 2836 2333 2836 2336 2836 2452 2830 2574 2824 2720 2836 2795 2842 2798 2842 2801 2842 2813 2839 2850 2827 2888 2839 2903 2845 2906 2845 2909 2845 2932 2842 2987 2830 3298 2847 3304 2804 3304 2757 3225 2737 3222 2737 3220 2737 3135 2752 3118 2754 3097 2752 3010 2737 3007 2737 2845 2746 2775 2749 2755 2743 2679 2723 2676 2723 2673 2723 2670 2723 2621 2740 2603 2746 2542 2740 2432 2725 2429 2725 2426 2725 2397 2737 2377 2746 2199 2746 2156 2731 2106 2714 2104 2714 1976 2711 1973 2711 1970 2711 1920 2725 1883 2734 1766 2723 1694 2714 1691 2714 1688 2714 1676 2720 1647 2737 1560 2737 1528 2717 1514 2705 1511 2705 1508 2705 1357 2705 1354 2705 1351 2705 1325 2711 1258 2728 1220 2708 1206 2702 1203 2702 1092 2699 1089 2699 1034 2705 915 2717 883 2702 877 2699 874 2699 871 2699 868 2699 863 2699 816 2711 691 2696 680 2696 677 2696 674 2696 671 2696 592 2717 534 2693 534 2757"/></Shape>
	    <String CONTENT="de doauiamos dehazer laiornada Endeuisandonos del pueblo. o. delas aradas" HPOS="531" VPOS="2693" WIDTH="2773" HEIGHT="154"/>
          </TextLine>

          
          
          <TextLine ID="eSc_line_8cfc67b3" TAGREFS="LT6926" BASELINE="528 2842 3289 2891" HPOS="526" VPOS="2781" WIDTH="2763" HEIGHT="154">
            <Shape><Polygon POINTS="528 2842 526 2871 1145 2877 1162 2888 1185 2900 1188 2900 1191 2900 1194 2900 1217 2888 1229 2882 1264 2888 1342 2906 1345 2906 1517 2894 1636 2888 1662 2900 1688 2909 1691 2909 1833 2914 1836 2914 1929 2906 1979 2900 2057 2909 2170 2920 2173 2920 2231 2911 2310 2900 2362 2914 2371 2917 2374 2917 2377 2917 2406 2914 2519 2906 2676 2923 2749 2929 3022 2935 3025 2935 3028 2935 3039 2932 3071 2920 3283 2935 3289 2891 3289 2842 3217 2821 3214 2821 3211 2821 3036 2836 2865 2816 2862 2816 2859 2816 2798 2833 2022 2801 2019 2801 2016 2801 2013 2801 1987 2818 1793 2795 1790 2795 1662 2813 1325 2786 1322 2786 1223 2804 1188 2786 1185 2786 1182 2786 1095 2795 1011 2781 1008 2781 528 2792 528 2842"/></Shape>
	    <String CONTENT="acudian corriendo muchagente aquien mas podia para tomar alguna delas" HPOS="526" VPOS="2781" WIDTH="2763" HEIGHT="154"/>
          </TextLine>

          
          
          <TextLine ID="eSc_line_bcf41e26" TAGREFS="LT6926" BASELINE="534 2943 1208 2932 1563 2949 3260 2978" HPOS="534" VPOS="2871" WIDTH="2726" HEIGHT="145">
            <Shape><Polygon POINTS="534 2943 534 2978 1360 2970 1554 2993 1578 2996 1580 2996 1639 2996 1979 2984 2051 3002 2060 3002 2063 3002 2083 3002 2327 2984 2365 3004 2368 3004 2371 3004 2377 3004 2537 2990 2673 3010 2688 3010 2691 3010 2693 3010 2696 3010 2743 2990 2798 3010 2801 3010 3254 3016 3260 2978 3257 2929 3135 2926 3092 2903 3089 2903 3086 2903 3083 2903 3028 2923 2630 2923 2627 2920 2566 2891 2563 2891 2400 2888 2159 2888 2156 2888 2153 2888 2074 2911 1996 2882 1993 2882 1871 2882 1868 2882 1865 2882 1813 2909 1575 2909 1572 2906 1479 2877 1476 2877 1473 2877 1322 2894 1115 2871 1113 2871 534 2891 534 2943"/></Shape>
	    <String CONTENT="cargas y las tomauan alos quelas llebauan muchas uezes media legua" HPOS="534" VPOS="2871" WIDTH="2726" HEIGHT="145"/>
          </TextLine>

          
          
          <TextLine ID="eSc_line_3858e35b" TAGREFS="LT6926" BASELINE="528 3036 1127 3028 3320 3065" HPOS="523" VPOS="2942" WIDTH="2795" HEIGHT="183">
            <Shape><Polygon POINTS="2795 2972 2790 2968 2729 2968 2708 2968 2668 2968 2664 2968 2620 2968 2585 2968 2228 2981 2210 2968 2206 2964 2206 2959 2202 2959 2197 2959 2193 2959 2106 2964 1957 2977 1561 2959 1090 2942 1085 2942 527 2951 527 3033 523 3073 771 3060 815 3081 828 3090 832 3090 837 3090 902 3086 1068 3064 1094 3086 1103 3090 1103 3095 1107 3095 1111 3095 1116 3095 1190 3086 1360 3068 1386 3090 1395 3095 1395 3099 1399 3099 1404 3099 1408 3099 1473 3090 1604 3073 2167 3077 2184 3099 2189 3108 2193 3108 2193 3112 2197 3112 2202 3112 2206 3116 2328 3116 2328 3112 2333 3112 2337 3112 2337 3108 2346 3103 2363 3086 2446 3103 2494 3112 2498 3112 2546 3103 2629 3090 2786 3108 2873 3116 2878 3116 2882 3116 2899 3108 2939 3095 2991 3112 3043 3125 3048 3125 3052 3125 3314 3112 3318 3064 3314 2977 3126 2994 2795 2972 2795 2972"/></Shape>
	    <String CONTENT="antes delpueblo portener posesion de aquella carga para El otro dia solo porla" HPOS="523" VPOS="2942" WIDTH="2795" HEIGHT="183"/>
          </TextLine>

          
          
          <TextLine ID="eSc_line_4b2c0a9c" TAGREFS="LT6926" BASELINE="528 3118 956 3112 1708 3135 3283 3153" HPOS="528" VPOS="3051" WIDTH="2755" HEIGHT="148">
            <Shape><Polygon POINTS="528 3118 528 3147 938 3147 970 3153 1011 3164 1014 3164 1017 3164 1020 3164 1040 3156 1060 3147 1238 3147 1278 3158 1328 3173 1331 3173 1333 3173 1415 3161 1467 3156 1487 3164 1519 3179 1522 3179 1525 3179 1633 3167 1702 3158 1720 3167 1737 3182 1740 3182 1743 3182 1958 3185 1961 3185 2191 3176 2330 3173 2446 3182 2557 3190 2560 3190 2563 3190 2580 3185 2621 3170 2673 3185 2676 3185 2679 3185 2911 3176 3019 3193 3048 3196 3051 3199 3281 3199 3283 3153 3281 3109 2929 3109 2909 3103 2821 3077 2818 3077 2816 3077 2699 3083 2696 3083 2693 3083 2667 3100 2656 3106 2182 3103 2025 3097 2019 3095 1906 3065 1903 3065 1900 3065 1656 3092 1636 3092 1627 3089 1519 3060 1517 3060 1296 3057 1293 3057 1290 3057 1203 3083 1098 3060 1095 3060 967 3071 854 3051 851 3051 848 3051 741 3080 528 3080 528 3118"/></Shape>
	    <String CONTENT="ganançia y paga y alas uezes se apuñeeauan sobre quienllebaria la carga" HPOS="528" VPOS="3051" WIDTH="2755" HEIGHT="148"/>
          </TextLine>

          
          
          <TextLine ID="eSc_line_7801b187" TAGREFS="LT6926" BASELINE="526 3205 912 3196 1784 3225 3344 3234" HPOS="526" VPOS="3132" WIDTH="2818" HEIGHT="151">
            <Shape><Polygon POINTS="526 3205 526 3240 1255 3240 1269 3246 1310 3263 1313 3263 1316 3263 1394 3246 1429 3240 1467 3246 1557 3266 1560 3266 1682 3251 1984 3272 1987 3275 2083 3275 2083 3272 2086 3272 2130 3251 2133 3251 2252 3275 2255 3275 2481 3254 2513 3251 2528 3254 2630 3278 2632 3278 2894 3260 3071 3283 3074 3283 3342 3257 3344 3234 3342 3161 3237 3188 3086 3188 3022 3161 3019 3161 3016 3161 3013 3161 2964 3182 2769 3158 2766 3158 2539 3179 2476 3153 2473 3153 2470 3153 2327 3173 2255 3156 2252 3156 2249 3156 2089 3173 1993 3150 1990 3150 1987 3150 1769 3170 1720 3144 1717 3144 1714 3144 1711 3144 1583 3167 1357 3144 1354 3144 1174 3164 1011 3164 900 3135 897 3135 799 3135 688 3135 685 3135 682 3135 630 3153 604 3132 601 3132 598 3132 526 3132 526 3205"/></Shape>
	    <String CONTENT="y su manera de cargarse es dos lios apetacas en un palo al hombro. Y si es grã" HPOS="526" VPOS="3132" WIDTH="2818" HEIGHT="151"/>
          </TextLine>

          
          
          <TextLine ID="eSc_line_325f252d" TAGREFS="LT6926" BASELINE="517 3286 3367 3321" HPOS="510" VPOS="3212" WIDTH="2856" HEIGHT="148">
            <Shape><Polygon POINTS="1910 3225 1866 3225 1822 3225 1809 3221 514 3212 514 3282 510 3330 3357 3360 3366 3317 3366 3238 1940 3225 1910 3225"/></Shape>
	    <String CONTENT="carga. o. caxa entredos lalleuan con una palanca y andan comunmente. 6." HPOS="510" VPOS="3212" WIDTH="2856" HEIGHT="148"/>
          </TextLine>

          
          
          <TextLine ID="eSc_line_8d4190d7" TAGREFS="LT6926" BASELINE="540 3388 1238 3376 3345 3427" HPOS="532" VPOS="3304" WIDTH="2812" HEIGHT="165">
            <Shape><Polygon POINTS="536 3387 532 3417 780 3404 815 3426 819 3426 824 3426 828 3426 1199 3413 1683 3443 1879 3452 1883 3452 1944 3448 2062 3430 2136 3448 2167 3456 2171 3456 2176 3456 2254 3452 2385 3439 2446 3452 2490 3465 2494 3465 2498 3465 2585 3456 2681 3443 2694 3456 2699 3465 2703 3465 2703 3469 2708 3469 2712 3469 2716 3469 3340 3465 3344 3426 3340 3343 536 3304 536 3387"/></Shape>
	    <String CONTENT="siete leguas cadadia y endexando la carga se bueluen hazia supueblo Entiendo" HPOS="532" VPOS="3304" WIDTH="2812" HEIGHT="165"/>
          </TextLine>

          
          
          <TextLine ID="eSc_line_ec41efcb" TAGREFS="LT6926" BASELINE="526 3478 1325 3472 3304 3507" HPOS="526" VPOS="3403" WIDTH="2778" HEIGHT="145">
            <Shape><Polygon POINTS="526 3478 526 3510 787 3501 831 3513 839 3516 842 3516 845 3516 871 3513 1022 3496 1113 3513 1115 3513 1543 3504 1575 3519 1589 3525 1592 3525 1595 3525 1653 3519 1711 3513 1775 3519 1877 3530 1880 3530 1926 3522 1973 3510 2031 3522 2072 3528 2074 3528 2141 3522 2234 3513 2272 3522 2304 3530 2307 3530 2310 3530 2592 3525 2746 3522 2757 3525 2786 3542 2789 3542 3100 3548 3103 3548 3301 3528 3304 3507 3304 3464 3188 3432 3185 3432 3182 3432 3179 3432 3115 3458 2882 3443 2879 3443 2702 3455 2461 3420 2217 3417 2214 3417 2211 3417 2167 3435 2069 3414 2066 3414 2063 3414 1950 3443 1833 3414 1830 3414 1827 3414 1691 3440 1592 3408 1589 3408 1586 3408 1583 3408 1514 3437 1409 3405 1406 3405 1403 3405 1400 3405 1307 3432 1246 3403 1243 3403 1057 3403 1054 3403 1052 3403 999 3429 726 3429 700 3411 697 3411 694 3411 691 3411 526 3423 526 3478"/></Shape>
	    <String CONTENT="que bueluen a Eladormir. Su manera de andar delagente principal" HPOS="526" VPOS="3403" WIDTH="2778" HEIGHT="145"/>
          </TextLine>

          
          
          <TextLine ID="eSc_line_f6190121" TAGREFS="LT6926" BASELINE="523 3571 1249 3559 3254 3586" HPOS="523" VPOS="3484" WIDTH="2731" HEIGHT="145">
            <Shape><Polygon POINTS="523 3571 523 3597 1426 3594 1482 3609 1502 3615 1505 3615 1508 3615 1656 3612 1906 3603 1941 3615 1952 3618 1955 3618 1958 3618 1961 3618 1976 3615 2028 3600 2066 3615 2080 3621 2083 3621 2086 3621 2121 3615 2205 3603 2310 3618 2356 3623 2359 3626 2586 3626 2586 3623 2589 3623 2595 3621 2618 3609 2688 3621 2717 3626 2720 3629 2903 3629 2903 3626 2906 3626 2909 3626 2911 3623 2929 3612 2967 3623 2981 3629 2984 3629 2987 3629 3016 3626 3097 3612 3249 3626 3254 3586 3251 3530 2978 3530 2967 3528 2891 3510 2888 3510 2813 3525 2810 3525 2772 3504 2769 3504 2766 3504 2656 3522 2618 3501 2615 3501 2351 3498 2348 3498 2345 3498 2298 3513 2048 3498 2045 3498 2043 3498 2002 3516 2002 3519 1784 3519 1778 3516 1720 3493 1717 3493 1714 3493 1551 3513 1540 3513 1534 3513 1447 3493 1150 3487 1014 3487 1011 3487 1008 3487 970 3507 953 3507 636 3484 633 3484 523 3501 523 3571"/></Shape>
	    <String CONTENT="aũ.q̃ sea porlaçiudad auisitar aũ amigo es Enunas sillas grandes con sus" HPOS="523" VPOS="3484" WIDTH="2731" HEIGHT="145"/>
          </TextLine>

          
          
          <TextLine ID="eSc_line_7fec98bc" TAGREFS="LT6926" BASELINE="517 3658 1534 3652 3315 3682" HPOS="514" VPOS="3577" WIDTH="2801" HEIGHT="142">
            <Shape><Polygon POINTS="517 3658 514 3676 929 3696 932 3696 1089 3687 1165 3682 1176 3687 1191 3699 1194 3699 1197 3699 1200 3699 1467 3693 1653 3687 1679 3696 1711 3705 1714 3705 1717 3705 2072 3702 2513 3696 2557 3708 2574 3714 2577 3714 2580 3714 2638 3711 2778 3699 2818 3714 2830 3716 2833 3716 2836 3716 2938 3714 3260 3705 3307 3719 3315 3682 3315 3629 3217 3606 3214 3606 3211 3606 3147 3626 3129 3629 2784 3629 2760 3618 2720 3600 2717 3600 2513 3597 2510 3597 2426 3612 2371 3621 2316 3609 2246 3594 2243 3594 2141 3606 2106 3609 2063 3606 1947 3591 1944 3591 1769 3600 1493 3612 1261 3589 1182 3583 1083 3583 1081 3583 1078 3583 1072 3586 1031 3606 650 3606 610 3577 607 3577 604 3577 517 3577 517 3658"/></Shape>
	    <String CONTENT="cubiertas como andas a hombros de hombres y la demas gente. o. acaballo. o." HPOS="514" VPOS="3577" WIDTH="2801" HEIGHT="142"/>
          </TextLine>

          
          
          <TextLine ID="eSc_line_683692d2" TAGREFS="LT6926" BASELINE="517 3751 1269 3737 3336 3757" HPOS="514" VPOS="3670" WIDTH="2822" HEIGHT="125">
            <Shape><Polygon POINTS="517 3751 514 3775 3330 3795 3336 3757 3336 3705 3249 3684 3246 3684 2885 3699 2882 3699 2368 3679 2365 3679 2362 3679 2307 3693 2156 3679 2153 3679 2034 3693 2031 3693 1944 3676 1941 3676 1566 3690 1546 3690 1517 3673 1514 3673 1511 3673 1508 3673 1182 3687 1168 3687 1162 3687 1069 3670 1066 3670 517 3682 517 3751"/></Shape>
	    <String CONTENT="apie y porlos grandes soles lleua cadauno sutirasol enla mano y ũ amoscador" HPOS="514" VPOS="3670" WIDTH="2822" HEIGHT="125"/>
          </TextLine>

          
          
          <TextLine ID="eSc_line_f58c7688" TAGREFS="LT6926" BASELINE="526 3838 1092 3827 3359 3838" HPOS="526" VPOS="3763" WIDTH="2833" HEIGHT="131">
            <Shape><Polygon POINTS="526 3838 526 3882 706 3859 863 3859 929 3882 932 3882 935 3882 938 3882 941 3882 947 3882 1014 3862 1130 3862 1162 3879 1165 3882 1168 3882 1171 3882 1174 3882 1176 3882 1185 3879 1255 3862 1333 3879 1339 3879 1342 3879 1354 3879 1502 3862 1569 3879 1598 3885 1601 3885 1752 3888 1755 3888 2077 3876 2365 3865 2400 3873 2438 3885 2441 3885 2444 3885 2548 3873 2603 3868 2644 3873 2763 3891 2766 3894 3217 3894 3217 3891 3220 3891 3266 3870 3272 3868 3353 3868 3359 3838 3353 3780 2958 3789 2900 3777 2859 3772 2856 3772 2853 3772 2850 3772 2842 3777 2816 3795 2705 3795 2676 3777 2664 3772 2662 3772 2659 3772 2612 3777 2545 3789 2487 3777 2438 3769 2435 3769 2380 3777 2316 3792 2057 3792 2034 3777 2022 3769 2019 3769 2016 3769 2013 3769 1746 3777 1627 3780 1595 3777 1514 3766 1511 3766 1461 3777 1421 3789 1066 3789 1022 3777 973 3766 970 3766 880 3777 819 3783 807 3777 787 3763 784 3763 781 3763 778 3763 688 3777 636 3783 526 3777 526 3838"/></Shape>
	    <String CONTENT="porpobre o baxo quesea y sialgũ hombre comun o por enfermedad. o. cansado" HPOS="526" VPOS="3763" WIDTH="2833" HEIGHT="131"/>
          </TextLine>

          
          
          <TextLine ID="eSc_line_442e90f6" TAGREFS="LT6926" BASELINE="523 3923 1217 3911 3359 3937" HPOS="523" VPOS="3847" WIDTH="2836" HEIGHT="131">
            <Shape><Polygon POINTS="523 3923 523 3955 845 3940 895 3958 900 3961 903 3961 906 3961 932 3958 1069 3943 1110 3961 1113 3961 1115 3961 1118 3961 1121 3961 1124 3961 1156 3943 1252 3961 1258 3961 1261 3961 1269 3961 1429 3943 1450 3958 1453 3958 1455 3958 1458 3958 2397 3955 2438 3969 2458 3975 2461 3975 2464 3975 2632 3972 2635 3972 2641 3969 2670 3955 2836 3969 2923 3978 2926 3978 3356 3972 3359 3937 3353 3885 2850 3885 2766 3879 2615 3868 2612 3868 2609 3868 2577 3879 2566 3882 2557 3879 2534 3862 2531 3862 2528 3862 2426 3859 2234 3859 2231 3859 2229 3859 2226 3859 2199 3876 2194 3879 2182 3876 2124 3856 2121 3856 2118 3856 1999 3873 1979 3876 1958 3873 1891 3862 1888 3862 1784 3873 1764 3873 1758 3873 1723 3856 1720 3856 1717 3856 1714 3856 1679 3870 1673 3876 1560 3876 1554 3870 1514 3850 1511 3850 1307 3850 1304 3850 1301 3850 1243 3868 1240 3868 1072 3847 1069 3847 953 3868 935 3868 915 3865 778 3850 775 3850 773 3850 741 3865 523 3865 523 3923"/></Shape>
	    <String CONTENT="quisiere ir en silla adeir Enunas silletas chiquillas Rasas decañas. porque" HPOS="523" VPOS="3847" WIDTH="2836" HEIGHT="131"/>
          </TextLine>

          
          
          <TextLine ID="eSc_line_c2e53626" TAGREFS="LT6926" BASELINE="482 4013 868 3998 3285 4004" HPOS="475" VPOS="3940" WIDTH="2808" HEIGHT="122">
            <Shape><Polygon POINTS="479 4010 475 4027 601 4058 606 4062 880 4062 880 4058 885 4058 941 4032 946 4032 1002 4032 1439 4058 1443 4058 1565 4036 1582 4036 1596 4036 1670 4058 1674 4058 1678 4058 2158 4054 2162 4054 2167 4054 2167 4049 2176 4040 2189 4032 2306 4032 2324 4045 2341 4058 2346 4058 2350 4058 2354 4062 2590 4062 2590 4058 2594 4058 2620 4045 2651 4032 2694 4045 2729 4058 2734 4058 2738 4062 2969 4062 2969 4058 2974 4058 2978 4058 2978 4054 2987 4049 3000 4032 3030 4049 3048 4058 3052 4058 3056 4058 3279 4049 3283 4001 3279 3940 479 3940 479 4010"/></Shape>
	    <String CONTENT="enlas grandes y cubiertas solos los capitanes y iusticias pueden andar" HPOS="475" VPOS="3940" WIDTH="2808" HEIGHT="122"/>
          </TextLine>

          
          
          <TextLine ID="eSc_line_36bd6659" TAGREFS="LT6926" BASELINE="491 4097 3356 4080" HPOS="488" VPOS="4019" WIDTH="2868" HEIGHT="116">
            <Shape><Polygon POINTS="3220 4019 3190 4019 3161 4019 3135 4019 3132 4019 3129 4019 3127 4019 3100 4036 3097 4036 3092 4036 2673 4022 2670 4022 2667 4022 2638 4036 2632 4039 2609 4036 2548 4027 2545 4027 2461 4036 2397 4042 2339 4036 2229 4022 2226 4022 2048 4036 1915 4045 1383 4033 1060 4027 1057 4027 1022 4033 938 4048 831 4033 807 4030 805 4030 802 4030 793 4033 743 4051 700 4033 697 4033 488 4033 491 4097 491 4132 2842 4135 2845 4135 2848 4135 2914 4115 2917 4115 2926 4115 3202 4126 3205 4126 3356 4109 3356 4080 3350 4039 3228 4019 3220 4019"/></Shape>
	    <String CONTENT="y segun fuere sudignidad tanto mas rica silla lleua. Y los principales lleuã" HPOS="488" VPOS="4019" WIDTH="2868" HEIGHT="116"/>
          </TextLine>

          
          
          <TextLine ID="eSc_line_e7ea3d05" TAGREFS="LT6926" BASELINE="502 4187 3336 4164" HPOS="499" VPOS="4100" WIDTH="2837" HEIGHT="137">
            <Shape><Polygon POINTS="502 4187 502 4216 1014 4213 1017 4213 1049 4234 1052 4234 1054 4234 1057 4237 1208 4237 1208 4234 1211 4234 1214 4234 1243 4213 1371 4231 1374 4231 1569 4210 1726 4228 1729 4228 2066 4213 2136 4225 2138 4225 2141 4225 2170 4210 2263 4225 2266 4225 2441 4222 2444 4222 2507 4202 2510 4202 2525 4202 2891 4219 2894 4219 3333 4193 3336 4164 3327 4100 3234 4120 3016 4100 2987 4100 2984 4100 2941 4103 2624 4126 2487 4112 2484 4112 2269 4126 2191 4109 2188 4109 2185 4109 2179 4109 2063 4129 1923 4117 1920 4117 1918 4117 1915 4117 1891 4132 1798 4112 1793 4112 1790 4112 1778 4112 1551 4135 1310 4115 1287 4115 1284 4115 1281 4115 1275 4115 1203 4138 1092 4138 1060 4117 1057 4117 1054 4117 857 4117 854 4117 851 4117 845 4120 799 4138 764 4120 761 4120 758 4120 755 4120 682 4138 499 4123 502 4187"/></Shape>
	    <String CONTENT="las sillas todas guarnecidas conunas çintas anchas y muy labradas de" HPOS="499" VPOS="4100" WIDTH="2837" HEIGHT="137"/>
          </TextLine>

          
          
          <TextLine ID="eSc_line_4fc5dde4" TAGREFS="LT6926" BASELINE="508 4277 2185 4274 3330 4254" HPOS="505" VPOS="4193" WIDTH="2825" HEIGHT="131">
            <Shape><Polygon POINTS="508 4277 508 4321 860 4309 895 4318 918 4324 921 4324 924 4324 927 4324 947 4318 985 4306 1299 4312 1636 4321 1639 4321 1764 4309 1842 4301 1961 4306 2202 4318 2205 4318 2391 4315 2394 4315 2397 4315 2420 4301 2423 4301 2446 4301 2676 4309 2679 4309 2682 4309 2720 4298 2731 4295 2757 4298 2888 4312 2891 4312 3327 4289 3330 4254 3324 4210 3217 4193 3214 4193 3135 4210 3106 4216 3060 4210 2935 4196 2932 4196 2929 4196 2874 4213 2848 4219 2786 4213 2696 4205 2693 4205 2691 4205 2656 4213 2630 4222 2609 4216 2571 4202 2569 4202 2566 4202 2484 4216 2446 4222 2426 4216 2388 4205 2385 4205 2383 4205 2380 4205 2330 4216 2307 4225 1833 4225 1813 4222 1761 4210 1758 4210 1673 4222 1633 4228 1583 4222 1429 4208 1426 4208 1424 4208 1368 4225 1357 4228 1345 4225 1269 4208 1267 4208 1083 4228 1046 4231 1028 4228 932 4208 929 4208 505 4231 508 4277"/></Shape>
	    <String CONTENT="marfil sobreunas planchas doradas que son muy galanas y salen mucho" HPOS="505" VPOS="4193" WIDTH="2825" HEIGHT="131"/>
          </TextLine>

          
          
          <TextLine ID="eSc_line_00a0014a" TAGREFS="LT6926" BASELINE="496 4376 1005 4359 3371 4350" HPOS="494" VPOS="4280" WIDTH="2877" HEIGHT="134">
            <Shape><Polygon POINTS="496 4376 496 4408 775 4396 831 4408 857 4414 860 4414 863 4414 877 4408 906 4396 1014 4408 1069 4414 1072 4414 1118 4408 1223 4394 1941 4405 2089 4408 2092 4408 2115 4405 2243 4391 2444 4405 2458 4405 2461 4405 2464 4405 2502 4388 2673 4388 2737 4405 2740 4405 2743 4405 2746 4405 2755 4405 2853 4385 2946 4402 2949 4402 2952 4402 2987 4385 3089 4402 3092 4402 3266 4388 3368 4402 3371 4350 3365 4280 3217 4280 3214 4280 3211 4280 3205 4280 3118 4303 3039 4283 3025 4280 3022 4280 3019 4280 2996 4283 2900 4303 2723 4289 2720 4289 2717 4289 2714 4289 2653 4306 2446 4292 2316 4283 2313 4283 2310 4283 2275 4295 2229 4309 2045 4298 1909 4289 1906 4289 1830 4301 1775 4309 1732 4301 1662 4289 1659 4289 1566 4303 1514 4312 1421 4306 1182 4289 1179 4289 1060 4312 1034 4315 985 4312 709 4292 706 4292 703 4292 653 4318 494 4318 496 4376"/></Shape>
	    <String CONTENT="a la uista. Yay encadacasa Delas de comunidad mucha cantidad de unas sillas" HPOS="494" VPOS="4280" WIDTH="2877" HEIGHT="134"/>
          </TextLine>

          
          
          <TextLine ID="eSc_line_15fc16cd" TAGREFS="LT6926" BASELINE="499 4457 1101 4443 1717 4455 3315 4449" HPOS="496" VPOS="4379" WIDTH="2819" HEIGHT="128">
            <Shape><Polygon POINTS="499 4457 502 4507 543 4484 828 4478 1133 4492 1136 4492 1325 4478 1394 4501 1397 4501 1400 4501 1403 4501 1406 4501 1409 4501 1447 4487 1874 4498 2040 4501 2043 4501 2045 4501 2048 4501 2054 4495 2074 4484 2147 4495 2185 4501 2188 4501 2191 4501 2202 4495 2226 4484 2330 4495 2348 4495 2351 4495 2368 4495 2548 4472 3060 4481 3074 4489 3086 4498 3089 4498 3092 4498 3095 4498 3312 4487 3315 4449 3312 4402 3257 4379 3254 4379 3251 4379 3132 4402 3124 4405 3054 4405 3054 4402 3007 4379 3004 4379 2833 4379 2830 4379 2827 4379 2755 4402 2598 4379 2595 4379 2592 4379 2548 4402 2452 4402 2260 4379 2258 4379 2106 4382 2104 4382 2034 4405 2031 4408 1615 4408 1615 4405 1531 4382 1528 4382 1525 4382 1522 4382 1467 4408 1461 4408 1371 4408 1336 4408 1002 4385 999 4385 996 4385 953 4408 950 4411 866 4411 863 4408 802 4385 799 4385 668 4385 665 4385 662 4385 619 4408 616 4411 496 4411 499 4457"/></Shape>
	    <String CONTENT="y de otras para andar Enellas lagente quealli uiniere segunla calidad dela" HPOS="496" VPOS="4379" WIDTH="2819" HEIGHT="128"/>
          </TextLine>

          
          
          <TextLine ID="eSc_line_a25425bc" TAGREFS="LT6926" BASELINE="476 4536 1252 4527 2362 4542 3359 4524" HPOS="473" VPOS="4457" WIDTH="2886" HEIGHT="140">
            <Shape><Polygon POINTS="476 4536 476 4597 621 4594 624 4594 627 4594 668 4571 1127 4571 1188 4594 1191 4594 1194 4597 1406 4597 1406 4594 1409 4594 1412 4594 1476 4568 1610 4568 1740 4571 1772 4591 1775 4591 1778 4591 1781 4591 1784 4591 1848 4577 1880 4591 1883 4591 1886 4591 2072 4591 2371 4585 2374 4585 2415 4568 2557 4588 2569 4588 2571 4588 2592 4588 2862 4565 2932 4582 2935 4582 2938 4582 3083 4565 3147 4582 3150 4582 3153 4585 3356 4585 3359 4524 3350 4469 2801 4481 2705 4472 2563 4457 2560 4457 2429 4472 2383 4478 2324 4475 2220 4466 2217 4466 2214 4466 2194 4475 2179 4481 2150 4475 2077 4460 2074 4460 2072 4460 2037 4475 2019 4487 1900 4487 1886 4478 1874 4469 1871 4469 1868 4469 1865 4469 1781 4478 1737 4481 1717 4478 1650 4463 1647 4463 1644 4463 1604 4478 1586 4487 1397 4487 1383 4481 1351 4463 1348 4463 610 4463 607 4463 473 4484 476 4536"/></Shape>
	    <String CONTENT="persona. Es gente queusa demuchos cumplimientos depalabras y comedimiͦ ᷤ" HPOS="473" VPOS="4457" WIDTH="2886" HEIGHT="140"/>
          </TextLine>

          
          
          <TextLine ID="eSc_line_dedb366e" TAGREFS="LT6926" BASELINE="488 4620 3347 4620" HPOS="488" VPOS="4562" WIDTH="2859" HEIGHT="148">
            <Shape><Polygon POINTS="488 4620 488 4684 1188 4670 1264 4681 1336 4693 1339 4693 1426 4681 1450 4678 1461 4681 1534 4702 1537 4702 1781 4707 1784 4707 1787 4707 1868 4678 1897 4670 1926 4678 2025 4707 2028 4707 2031 4710 2217 4710 2217 4707 2220 4707 2281 4675 2284 4675 2295 4675 2481 4707 2484 4710 2603 4710 2603 4707 2606 4707 2679 4684 2755 4707 2757 4707 2760 4707 2946 4684 3071 4707 3074 4707 3077 4707 3182 4673 3193 4670 3344 4670 3347 4620 3344 4574 3254 4580 3231 4574 3202 4562 3199 4562 3196 4562 3193 4562 3158 4574 3132 4580 3103 4574 3054 4562 3051 4562 2996 4574 2961 4580 2914 4574 2830 4562 2827 4562 2824 4562 2798 4574 2786 4580 2763 4574 2708 4562 2322 4562 2319 4562 2316 4562 2290 4577 2278 4582 2127 4582 2080 4577 1935 4562 1932 4562 1819 4577 1793 4580 1787 4577 1764 4562 1761 4562 1758 4562 1615 4562 1612 4562 1610 4562 1580 4577 1575 4580 1499 4577 1136 4565 1133 4565 1130 4565 1101 4580 1098 4582 915 4582 912 4580 860 4565 857 4565 854 4565 746 4580 743 4580 741 4580 688 4565 685 4565 682 4565 488 4580 488 4620"/></Shape>
	    <String CONTENT="y no quitan anadie lagorra. o. sombrero. Sino quando setopã Enlugar dequitar" HPOS="488" VPOS="4562" WIDTH="2859" HEIGHT="148"/>
          </TextLine>

          
        </TextBlock>
        

        
      </PrintSpace>
    </Page>
  </Layout>
</alto>
