1024 1361
196 112 672 91 Memoria delo queEl señor Contador ortuno de hibarra auia de hazer

199 146 403 49 para El bien desta tierra. Es lo siguiente.

199 167 662 65 Dar aentender asu magͭ y asu Real conseio lo quelos Religiosos en

186 207 683 59 esta tiera fazen y tras apanran aumento dela fee y conseruacion destos na

187 223 475 102 turales y descargo dela conciencia de su magͭ.

175 250 694 78 que se entienda quan afligidos estan y descontentos los religiosos en

180 281 688 68 uer el poco fabor que tienen de quien los auiatanto de anparar y ayudar pu

191 307 688 72 es son sus coadyutores. Y como por poner clerigos enlos pueblos serstor

185 332 683 69 e ala dotrina delos frailes porque com̃umente los ⟦go⟧ clerigos no son lenguas

183 356 697 73 y no tienen asiento ni pretenden otra cosa mas desu interese y salario ya

191 378 504 69 los y alos yndios no apremian a lo que conuiene

178 407 690 99 que las sedulas que su magͭ y Real conseio proueyo ẽ que no fuese menester otra li

192 427 671 84 cencia sino lade Suuisorrey para los religiosos tomar casas tan contrasho y della ope

190 451 680 70 lado por questi man mas poner un mançebo no expirimentado y poco sabio que no entrẽ

183 477 343 46 Religiosos o alli Residan y perseueren.

176 504 692 55 q̃ contra otracedula desu magͭ en que mandan nose aga nouedad enponer clerigos dos

192 527 678 54 tan Religiosos o los Suietos an puesto clerigos El obispo de mechuacan q̃los subietos

195 552 675 51 y azen que ayan pleytos enla udencia sobre de alli  Echalle conforme a lasedu

195 574 673 55 la delo quelos clerigos Se alborotan y Reciben mal exemplo todos q̃les mande absolu

197 596 230 59 tamente q̃nolos pongan

192 616 685 64 q̃ no nos quieren guardar los preuilegios ynpidiendonos libremente usar dellos ꝑa

198 635 676 73 El bien delos naturales y aumento dela fee y descargo dela conciencia de su magͭ alle

200 661 661 64 gando quelos preuilegios no anlugar por que ya estan conuertidos y como es uerdad

199 687 667 59 que mũchos ay por conuertir y los conꝟtidos agorante gan manesecidad deRe

201 718 674 51 liciosos que ñucatubieron por q̃ siellos los dexan delamano seran peores q̃antes

196 738 663 62 q̃ Sumagͭ mande a su Real conseIo ueanlo questascrito Endeclaracion y pre

205 765 674 61 mesa delos preuilegios delos Religiosos para q̃pasificamente puedan usar dellos y xer

212 789 609 55 citar aquellos para q̃uinieron a esta nueua españa y nueuo mũdo.

199 806 661 63 q̃ Su magͭ mande uer lo que sobre los diezmos Estascrito y alla preguntado Ensu

200 832 677 61 Real conseio y se concluyaconbreuedad y asimesmo mande uer una Repeticion

201 862 464 46 q̃ yo escreui y si fuere tal se mandes ⟦creuir⟧ ynprimir

197 886 671 45 q̃ su magͭ mande asuenbaxador que Reside en corte Romana aya desu santidad

208 909 657 48 particular breue para q̃todos los Religiosos q̃enlas yndias suxetaaSumagͭ

204 929 662 50 Reziden y delos que de nueuo fueren ala china o yslas o tierrafirme de oriente o de

209 951 663 49 cuta yo gozen delos priuilegios. Concedidos porlos Sumos pontifices pasados como son

204 977 666 44 de yno cencio quarto y cisto .4. nicholaos 4 gregorie .9. leoncio adriano .6. de

206 999 664 47 mente .7. y paulo .3. y Iulio .3. y que gozen libremente dellos sin quelos obispos les sea

211 1022 666 43 puesto ynpedimento alguño y queduren mientras se ocuparen Enla conꝟcion

204 1044 679 45 delos ynfieles y la manutenencia delos conuertidos asta q̃su santidad o la silla

198 1066 258 39 Romana otra cosa prouea.

194 1094 671 37 q̃ declare su magͭ por su Real cedula comolos Religiosos delastres hordenes

211 1120 664 33 q̃aca Residen sonlos que por agora quieren sean ministros delos yndios

204 1142 673 37 y se ocupen En su conuercion y prouecho yendes cargo dela conciencia Real

212 1159 659 47 asta q̃ otra cosa se prouea y queEllos administrenlos sacramentos alos

196 1186 677 46 natur⟦ra⟧les al modo comoasta qui se hahecho y que a estoni obispo niotro cle

213 1221 401 40 rigo les ponga ynpedimento ---

155 180 31 37 R

887 90 50 42 302
