1024 1361
181 100 726 81 q̃ su magͭ aga merced ala Vniversidad q̃ de nuevo se a fundado Enla civdad de mexͨ.ͦ y aElbien

195 132 691 71 desta tierra Atento aquees ynportante adescargo aSu magͭ y de Su concjencja q̃le

191 154 689 72 senale En Su Real Azienda porlomenos tres mill psͦ. demjnas paraq̃ aya catedra

192 178 678 73 ricos muj buenos de todas facultades y se anjmen a estudiar y perseverar

190 204 644 72 con esperança q̃ ay semexantes premjos paralos buenos y virtuosos.

177 235 711 73 para cunplimjento desta su magͭ aviade ynstituir Vn colexio enque estubiesen

188 263 675 70 asta veynte q̃ no se ocupasen En otracosa Sino estudiar theologia paraq̃ saliesen

187 282 680 74 dalli letrados predicadores y confesores dela Fe Eneste nuevo mundo donde tan nesesarjo

191 308 676 66 es y mas adelante lo sera mũcho mas los quales entren por examen de abilidad

186 332 699 64 y buenas costunbres por que ay gran falta de dotrjna Entrelos clerigos q̃los Re

187 357 683 72 ligiosos tienen ensus conventos cujdando desto peroes menester paralos seglares

187 384 405 62 asi para bien confesar como ꝑa bien predicar
