1024 1361
259.0 166.0 687.0 57.0 El obispo que fue de chiapa besa a v. al.ͣ las manos, y suplico tenga porbien con a

255.0 208.0 707.0 43.0 tençion oir loque dixere es a v. al.ͣ ya consta yatoda españa y por todas las indias,

258.0 238.0 708.0 41.0 es notorio, como a munchos años queando enestarreal corte y ante esterreal consejo,

254.0 269.0 717.0 41.0 Delas yndias negoçiando y procurando elrremedio delas gentes ynaturales dellas

262.0 300.0 711.0 37.0 que llamamos yndios y que seçen los estragos y matanças que en ellos se hazen contra

262.0 329.0 704.0 42.0 todarrazon y Just.ͣ y puesto que la voluntad delos rreyes que en estos Reinos

264.0 359.0 694.0 39.0 porestos tienpos anrreynado y sus consejos ha sido probeerlos de Justͣ y conser

267.0 389.0 694.0 45.0 varlos en ella y no consentir que les fuesen echos daños yagravios yasi lo an mostrado,

267.0 421.0 700.0 42.0 por sus muchas leyes y probissiones, pero llegadas alla no sean cunplido porla grande

265.0 452.0 695.0 42.0 y desmedida cobdiçia y anbiçion delos que alla anpasado mayormente delos que

263.0 483.0 698.0 40.0 aquellas gentes anido agobernar porque los unos y los otros sienpre an engañado

268.0 512.0 697.0 42.0 alos rreyes con munchas y diversas falsedades y no abisando de como aquellas gentes,

267.0 540.0 696.0 42.0 peresçian porlos ynsultos que en ellos se hazian y el mal gobierno que desde el principio

267.0 570.0 694.0 41.0 se les abia puesto, pretendiendo sus ꝓpios yntereses solos y otros por ⟦sus⟧ la misma

267.0 601.0 694.0 37.0 causa conrreueliones alborotos y desobediençias que an cоometido contrala fidelidad

268.0 628.0 698.0 38.0 que debian a su rrey natural yasi de dias en dias y de años en años seaido entablan

269.0 656.0 692.0 41.0 do y arraygando y olbidando las dos s̃p̃ẽs de tirania con que abemos asolado a

272.0 686.0 695.0 42.0 quellas tan innumerables rrepublicas la una en nr̃a ꝑrͣ entrada que llamaron

272.0 716.0 692.0 43.0 conquista en aquellos reynos no nr̃os sino agenos delos Reyes ysseñores nãl̃ẽs̃

271.0 745.0 690.0 39.0 encuya paçifica posseçion los hallamos. la otra fue yes la tiranica gouernaçion

273.0 779.0 686.0 42.0 munchomas ynjusta ymascruel quela conque pharaon oprimio en egipto alos

271.0 811.0 684.0 41.0 Judios aque pusieron por nonbre rrepartimientos o encomiendas porlaqual

269.0 840.0 692.0 41.0 alos rreyes ñãl̃ẽs̃ auemos biolentamente contra todarrazon y justͣ despojado

269.0 869.0 684.0 39.0 alos ssͦ ͬ ͤ ᷤ y subditos de su libertad y delas vidas como todo el mundo sabe: y de

273.0 899.0 685.0 34.0 donde sean seguido tanta confusion y çeguedad e insençibilidad enlos enten

273.0 926.0 688.0 40.0 dimientos y conçiençias de todos los estados de nr̃as gentes de aquellas tierras que los

273.0 956.0 692.0 34.0 mas estan en estado de eternal danaçion porque estan enpeccado mortal como

277.0 982.0 691.0 36.0 son losque se glorian de auer aquellas nasçiones conquistado y los encomenderos y to

273.0 1008.0 702.0 39.0 dos los confesores quelos absuelben y cоomunican los sacramentos echando las piedras

273.0 1034.0 695.0 41.0 preciosas alos puercos sin dexar los yndios en su libertad ꝑa que se buelban a sus

271.0 1063.0 701.0 38.0 ssͦ ͬ ͤ ᷤ naturales cuyos subditos o basallos son: y sinrrestituir todo quanto les anrrobado

274.0 1091.0 683.0 39.0 y satifaçen yrreparables daños quelos sͦ ͬ ͤ ᷤ y subditos de nosotros hanrresçebido

273.0 1115.0 683.0 56.0 y porque los rreyes son obligados en quanto en si fuere a quitar los ynpedimientos

446 43 214 51 Muy pᷤ ͦ ᷤ y soberanos ssͬ ͤ ᷤ

923 0 46 55 312

919 47 25 39 306
