1024 1361
226 167 711 53 q̃ dixessẽ alos q̃ guardauã la ẽtrada del puerto q̃ nos dexassẽ ẽtrar pu

229 205 710 43 no veniamos de guerra sino de paz. & Como llegarõ los mẽsajer

223 232 711 44 luego les arrebatarõ las cadenas y braçaletes y manillas q̃ lleua

220 260 725 48 uã de oro y los asparõ. Y despues los lleuarõ delãte del Rey

223 288 697 48 y leyda la carta la rasgo y despues de hechas algunas pregũtas

224 315 710 51 las mãdo prẽder y matar. Y assi matarõ al uno y al otro

226 349 715 41 lo escapo un par⟦⟧ẽte suyo q̃ lo traxo en un barquillo alos es¬

233 377 699 37 pañoles mas muerto q̃ vino al otro dia de la batalla. de los re¬

228 403 699 34 meros q̃ yuã cõ ellos solos dos han parescido y no sauẽ dar razõ

224 428 705 34 de los demas. fue hecho barbaro : Al otro dia despues de medio

220 452 706 40 dia fue caminãdo nr̃a armada ẽ ordenãça hazia el puerto. y

226 483 707 36 salio la armada de los cõtrarios al ẽcuẽtro y comẽçonos a lom-

224 509 706 35 bardear buẽ rato ãtes q̃ de aca se les respõdiesse. Pero como de

225 536 714 40 nr̃as galeras y fustas les comẽçassẽ tãbiẽ a tirar y fuessemos ẽtra

223 565 710 38 do hazia ellos no aguardarõ alos arcabuzes ni espadas sino fue

226 592 681 40 rõ se huyẽdo al rio q̃ estara dos leguas buenas del puerto.

222 618 712 43 fuerõ ẽ su seguimjͦ nr̃os barcos peq̃ños y dormierõ aq̃lla noche

226 650 687 36 a la barra del Rio y por la mañana subierõ Rio arriba y

224 671 698 51 hallarõ el pueblo despoblado subimos arriba y posamos ẽ sus

226 706 698 41 casas hasta agora no hã venido aũ de paz sino ãdã amõtados

229 733 698 45 y ellos mismos hã q̃mado la mayor parte de sus casas. Esto es

229 765 698 41 lo q̃ passa ẽ esta cõquista ha seles tomado grã cãtidad de

224 795 707 41 artilleria aunq̃ solas quatro pieças a nr̃o modo las de mas

224 826 698 45 son falcones y versos. Ropa poca q̃ la teniã ya  alçada al

225 856 698 42 gunas galeras y obra de 40 fragatas & ternia el pueblo

228 880 658 47 como quatro mill casas de madera biẽ labradas aunq̃ ẽ mil

226 913 665 39 assiẽto q̃ es ẽ vna cienaga q̃ de plea mar estã todos ẽ agua.

226 942 681 40 El libro q̃ .v.p. me ẽbio a pedir no lo he podido trasladar porq̃

224 967 681 44 no he parado todo ogaño y aũ ha .7. años q̃ no hago otra cosa

224 996 685 44 sino barq̃ar de un cabo a otro. Y lo mismo ciertas obserua-

222 1026 683 40 ciones q̃ me ẽbio a mãdar su magͭ q̃ hiziesse no se hã podido ogaño

223 1054 687 44 hazer por la misma causa ni aũ aqui en burney se podrã hazer porq̃

221 1085 679 40 estamos metidos ẽ vna grã q̃brada q̃ no tenemos el horizõte libre.

224 1112 676 41 En lo dela china vuiera auido hasta oportunidad si quisierã ẽbiar

227 1141 678 44 cõ achaq̃ de q̃ yvamos por la respuesta del Rey de las cartas

223 1174 683 50 q̃ lleuamos sino q̃ paresçeme q̃ todo lo hã dexado ẽfriar. Porq̃
