1024 1361
265 168 696 50 Se ha pretẽdido escurescer lo q̃ hizo guido de Lauezazÿs q̃ segũ ẽ-

240 207 726 41 tiẽdo si el gouernara mas ha de dos años q̃ estuuiera pobla-

256 237 721 42 de la china. Tambiẽ por aca me hã dicho q̃ se ha dicho por

253 268 718 40 ay q̃ si quisieramos uuieramos q̃dado ẽ la china en lo qual

257 294 692 45 leuãtan testimonio q̃ de nr̃a parte se puso toda la diligẽcia

255 327 695 42 q̃ alcãçamos y ellos mostrarõ uolũtad dello pero q̃ no q̃riã

246 353 712 46 q̃ fuesse por ẽtõces sino al año siguiẽte si quisiessemos boluer

254 386 672 39 y quiẽ lo estonces fue un capitã chino q̃ nos lleuo llamado

258 413 693 43 homõ co el qual tãbiẽ fue la principal causa q̃ nos echassẽ

260 446 504 37 ẽ el camino quͦ al año adelãte boluiamos.

262 471 711 51 Uale. Prestãtissime presul et ora ꝓ me de Burney a .25. de abril

260 507 107 44 de .1578.

447 589 353 140 Hiio minimo y subdito de U.r.

649 640 281 273 H. martin

806 762 124 39 de Rada

552 62 43 71 X

909 52 34 67 36

888 111 41 56 34
