1370 1054
159 143 420 37 como al presente se entiende que lo son los Catholicos,

161 179 412 50 Viniendo al acordio tengo por cierto q̃ françeses en

153 214 421 48 ningunamanera del mundo vendran en que V Mᵈ

152 246 421 53 tenga tanta parte en aquel Reyno que pueda dispo

159 278 422 45 ner del asuvoluntad por quenunca sefiaran de V Mᵈ

147 314 436 48 y por lamisma causa queda excluido el segundo que

166 347 421 44 V Mᵈ no sea defiar dellos ni consentir que tengan

156 386 161 39 esta authoridad.

166 416 418 47 El Tercero que es entrar en conquistallo en liga V Mᵈ

159 449 422 48 con ellos y hazer particion tengo por cierto no se puede

175 483 405 43 dexar devenir luego en quistion con ellos y de aqui

159 513 432 45 se vendra luego a caer en el primer Jnconviniente de

163 542 425 50 romper laguerra que es lo que tengo dicho se deue tener

163 575 426 52 el principal fin en los negocios de V Mᵈ por el presente

161 604 426 51 estemeparesce ser jnconuiniente jnduuitada mente

168 639 423 45 en quesedara yen el segundo fin de estoruar que

164 665 423 47 françesses nometan pie en el queda dubdoso el sub

166 696 422 49 ceso ytan dubdoso por la parte de V Mᵈ quanto el

168 729 425 42 tiene de ventaja entrar con derecho de Rey y sino

173 759 427 42 derecho Titulo muy aparente, a quelagente que

168 793 434 39 tienen en Uso ser vassallos acuden congran promp

171 818 425 42 titud sibien los primeros motiuos mueua algᵒˢ

161 853 433 40 vassallos aotra cosa, enfin yendo ala larga tor

171 882 426 49 nara lo que les paresçe razonable yno se satisffara

797 140 403 38 altercero de tenerlos Catholicos a mano de V Mᵈ pues de

795 172 426 38 lamisma manera seran socorridos yamparados por el

791 201 428 36 Rey de francia como por V Mᵈ y de venir en rompimien

794 234 419 38 to entrelagente deguerra V Mᵈ y la suya quando

797 266 419 37 entrasen juntamente creo que no haura nadie que dubde

795 295 418 37 dello teniendo el exemplo que setiene enlo que del Reyno

797 325 415 35 de Napoles yteniendo tambien la experiencia tan

794 355 419 39 larga detantos años quesetiene de quan inquietos y ma

795 389 415 36 los compañeros son françeses en la presa tantomas en

793 418 422 36 cosa que ellos tienen tan por suya como el derecho de

795 447 422 40 aquel Reyno por esto no seria de oppinion en ninguna

794 480 425 39 manera que se resoluiese V Mᵈ a entrar por acordio con

797 507 417 44 ellos en aquel Reyno, si bien no fuesse acordio tal qual

795 544 413 40 agora no puedo ymaginar queellos quisiesen aceptar

794 569 418 43 lo q̃ derechamente conuernia seria mostrarseles V Mᵈ

793 600 419 44 tan prompto y tan aparejado para ylles ala mano si

794 634 419 41 quisiesen emprender algo que viendose ellos tan pobres

795 663 419 44 como al presente se hallan no osasen empender este

794 696 414 42 negocio por que ellos no le emprenderan sino veen

793 724 419 47 facilidad y esta ffaçilidad, o difficultad en V Mᵈ

797 758 418 46 la an ellos de ver y no en Jnglesses porque en estos ya

792 794 422 38 saben que no tienen ninguna y esto quando se pudiera

806 820 402 41 hazer no conuenia rebotarselo con palabras sino

792 850 422 48 con quellos viesen la mano en el spada y mediante

1210 93 29 37 12
