1366 1054
156 106 434 60 siendo sobre la ribera de Soma tiene la qualidad ꝗ̃

154 156 443 47 arriba esta dicha yes principio para uenir alfin q̃ mi

155 188 442 44 Iuizio me lleua aparescer que es mas conuiniente al

161 214 446 46 Seruiçio de U Mᵈ beneficio destos estados y dano del

157 247 444 48 enemigo q̃ ninguna otra cosa delas que al presente

159 276 443 49 puedo Imaginar y si siempre que se tomase una pla

159 309 442 43 ça o dos sobre la dicha ribera haziendo acordio se

160 338 445 44 huuiessen de restituir nunca se uendria al fin que

160 368 441 44 sepretende de ser señores delas plaças dela Ribera

168 393 439 54 porque seria imposible poderse hazer de un golpe sino

166 424 445 54 que uayan cayendo por sus grados y no es tan difficultosa.

162 454 443 50 cosa ni queda tanto por ganar que la difficultad o impo

160 483 447 49 sibilidad del caso quite la Sperança de podello hazer

162 516 448 45 antes la facilidad me paresçe ami que mueue y combida

174 545 434 52 a que se tenga grande atencion y quenta con ello porque

161 579 449 48 quedando. Perona. Corbra. Amians. y Abeuila tengo

166 609 446 47 porque en un uerano que U Mᵈ armase y su enemigo no

169 642 433 44 tuuiesse qualidad para opponersele con exͭ ͦ en Cam

166 670 443 49 paña fuera de Perona las otras se podrian lleuar o el

163 703 451 46 uerano que se madrugasse un mes antes que el enemigo

166 738 448 39 se podria lleuar un año la una. y otro la otra. dema

167 769 448 39 nera que cierto iunta la importancia del negoçio con la

166 800 450 39 facilidad del nose como haura nadie que aconseIe a

174 836 442 33 U Mᵈ que teniendo en las manos un principio tan grande

169 860 449 49 como el que tiene de Ham y San Quintin le dexe

764 131 448 36 sino por el prescio que ello importa que es paz que sepue

770 152 481 50 da sperar uerdadera. y los importa que es paz que

771 193 443 37 en la Paz dela misma manera sequieren quedar los ene

770 226 443 38 migos con cales que sequedarian haziendo la Tregua

769 257 444 38 por donde paresçe queen esto no se auança mas en el

767 290 444 36 un caso que en el otro quanto al effecto y quanto al de

770 319 443 40 recho auançarian mucho françesses hauiendo passado

769 353 437 38 en articulos de paz quedarellos con la possesion y los

762 389 452 40 Por todo lo que arriba he dicho remitiendome al pru

767 422 446 40 dentissimo Iuyzio de U Mᵈ seria de Oppinion que pu

770 454 442 35 diendose hazer paz con otras condiciones que no supi

773 483 436 37 esen tanto aguerra como las q̃ estan platicadas que

775 512 432 39 U Mᵈ la abracasse y la hiziesse y diese mucha parte

773 542 438 42 delo suyo por ella por que seria seruir con ello aquien

771 575 433 38 le ha dado loque diese y loque le quedase pero la paz

771 606 436 36 como agora seplatica no pienso ternia mas quietud de

773 632 439 40 quanto los enemigos de U Mᵈ esten en Orden para ha

771 667 442 39 zelle laguerra y por esto no me paresçe que con las condi

768 697 435 35 çiones dichas se deue açeptar sino que antes U Mᵈ

770 725 437 42 eliia la guerra y se prepare para ella y la haga con

769 750 442 51 todas sus fuerças. sus fuercas y se per para yo.

767 793 442 39 No teniendo en ninguna manera del mundo modo

773 826 436 37 de mantenella U Mᵈ haga tregua que por las razo

774 855 433 44 nes arriba dichas tengo por cierto durara mas tpoͦ
