1394 1054
144 128 435 42 por enemigo de essa Sancta sede y que al Conde de Sant

151 157 429 38 Ualentin en publico a dicho contra las mismas personas

149 186 433 43 de sus Magͩˢ muy feas palabras conosciendo que clara

147 216 435 44 mente muestran mala satisfacion dela tregua hecha

146 249 434 46 Siendo tan prouechosa y nescesaria a toda la Christian

149 280 438 44 dad y que no se contenta de acrescentar y engrandescer sus

150 310 438 46 deudos conel medio y buena uoluntad de su Magͩ hauien

151 345 434 41 dose offrescido tantas uezes a hazello desu propia ha

152 375 425 38 zienda y Patrimonio enlo que seda a entender abier

152 400 435 45 tamente que su disignio no es otro que deffender asu M.ͩ

152 433 430 36 como tambien lo ha mostrado antes de ser hecho Sumo

149 461 438 42 Pontifice quando en tiempo delos rumores de Napoles

153 490 435 40 no falto de aconseiar y solicitar a Papa Paulo tercio a

158 518 429 43 la inuasion del Reyno con persuadirle que no perdiese

158 549 431 38 tal coyuntura estando pues las cosas sobredichas enel

159 577 443 42 stado enque estan y conosciendose claramente que dellas

158 606 435 44 no se puede sperar otro sino la perdida de la reputa

160 636 432 49 cion Stados y Reynos desu Mᵈ despues de hauer

162 671 423 44 usado con U Sᵈ de todos los cumplimientos y ter

158 701 434 48 minos que sean uisto hauiendo U Sᵈ reduçido ul

158 736 437 43 timamente asu Mᵈ entan estrecha y estrema nesce

166 766 428 44 sidad que si qualquiera muy obbediente hiio fuesse

162 799 429 44 desta manera desu propio padre Opprimido y tra

162 827 432 46 tado no podria dexar dese deffender y quitar las

166 858 427 53 armas con que lequiere offender no pudiendo faltar

789 135 427 31 a la obligacion que tengo como ministro a cuyo cargo es

789 158 432 36 tan las cosas desu Magᵈ y estados en Italia sere forçado

792 187 429 39 proueerme para la deffension dellos procurando conel fa

790 220 430 33 uor y ayuda de Dios quitar a U Sᵈ las fuerças de les

789 249 434 43 offender en aquella meior manera que pudiere y aun q̃

789 281 435 39 pudiera Scusarme de semeiantes iustificaciones hauien

788 312 437 33 dolas hecho tantas uezes con U Sᵈ todauia como Zeloso

788 335 441 40 dela quiete dela Christiandad y desseoso que la trabaia

789 370 440 39 da Ittalia resciba algun descanso y por el acatamiento

789 398 442 40 y reuerencia que se que tienen sus Mᵈˢ a essa Sancta sede

791 432 436 38 he querido agora postreramente Supplicar e Importunar

791 458 433 40 a U Sᵈ hechandomele a los pies que sea seruido mirar

789 486 440 47 a los infinitos trabaios y açotes con los quales nr̃o sᵒʳ

790 521 437 41 a permitido que aya sido trabaiada la Christiandad y las

788 554 441 40 Innumerables miserias. las calamidades y extrema nes

788 584 439 38 cesidad. en las quales no sin sospecha de pestilencia se

788 613 437 37 halla los increibles daños las insufribles destruyciones

788 645 441 33 los crueles homicidios con manifiesto peligro dela perdi

789 673 438 32 da delas almas los sacos incendios despoblaciones de

790 704 436 38 ciudades y tierras los Strupos. adulterios. y los otros

789 736 437 43 infinitos males que nascen en las guerras sin podellos

788 771 438 37 escusar: y como buen pastor se contente de dexar aparte

788 798 443 43 el odio y pensamiento que tiene de offender asus Mᵈˢ

788 831 436 37 en sus Reynos y Stados y sea seruido de abraçar y res

789 859 435 44 cibir con charidad y Paterno amor ala Magᵈ del Rey

1200 89 40 36 5
