1394 1054
153 137 439 41 appᶜᵃ hasta agora an disimulado y sufrido muchas

146 168 443 40 offensas de U Sᵈ cada una delas quales a dado iusta

148 200 437 38 occasion de se resentir delamanera que conu⟦⟧enia ha

146 230 443 38 uiendo U Sᵈ desde el principio desu Pontificado comẽ

148 260 439 43 cado a opprimir perseguir y encarcerar y priuar de sus

146 294 441 35 bienes los seruidores criados y afficionados de sus Mᵈˢ

146 324 446 40 y hauiendo despues solicitado eimportunado principes

146 356 442 39 potentados y Señorias de Chriornos aentrar en la liga

149 384 439 40 consigo a daño delos Stados dominios y Reynos desus

160 413 430 43 Mᵈᵉˢ mandando tomar sus correos y desus ministros qui

152 447 441 40 tandoles y abriendoles los despachos que lleuauan cosa

158 478 427 41 q̃ solamente los enemigos suelen hazer ha. tambien

166 508 427 46 U Sᵈ fauorescido ayudado y dado officios beneffᵒˢ

149 542 437 42 y Gouiernos alos deliquentes y reueldes delas dhas Mᵈˢ

148 573 442 41 siruiendose dellos en cargos y lugares de donde pueden

151 602 436 44 causar desasosiego desus stados y Reynos demas desto

159 635 437 42 U S ha hecho uenir gente estrangera enlas tierras de la

151 667 443 44 yglesia sin poderse coniecturar otro sino una intençion

151 697 438 45 dañada de querer ocupar este Reyno. lo qual se confir

152 730 432 43 ma con uer que U Sᵈ secrectamente aleuantado gen

152 762 439 51 te de pie y de cauallo y embiado buena parte della a

154 799 434 43 los confines y no cesando de su proposito a mandado

153 829 437 44 tomar en prision y tormentar cruelmente a Iuan Antᵒ

162 865 419 46 de Tassis maestre de postas quitando aquel officio

794 135 433 40 que sus Mᵈˢ y sus antecesores an acostumbrado siempre

795 167 433 36 tener en Roma delo qual no contento ha carcerado y

795 197 432 37 maltratado a Garcilasso dela Uega criado de su Mᵈ

794 228 433 35 que auia sido embiado a U Sᵈ alos effectos que bien

794 258 437 37 sabe. ha muchas uezes publicamente dicho palabras tan

791 287 442 38 pesadas en periuizio desus Mᵈˢ que no conuenia ala decen

790 320 441 37 cia yamor paternal de Sumo Pontifice todo loqual y otras

792 352 434 33 muchas cosas como esta dicho sean sufrido mas por el

791 381 432 36 respecto que sea tenido a la Sancta sede appᶜᵃ y al bien

791 411 433 38 publico que no por otra causa sperando siempre U Sᵈ hu

789 445 436 33 uiese de reconoscerse y tomar meior camino no pudiendo

790 471 433 40 persuadirse nadie que U Sᵈ por beneficiar y engrandescer

788 502 445 39 Sus deudos quisiese estoruar la quiete dela christiandad

785 533 442 39 yde essa sancta sede specialmente en estos tiempos tan llenos

785 566 442 39 de Heregias y danadas oppiniones alas quales fuera mas ius

788 599 438 35 to y conueniente atender para desarraigarlas y corregirlas

789 626 430 40 que no pensar offender sin ninguna causa a sus Magᵈˢ

788 655 435 43 empero uiendo que la cosa passa tan adelante y que ha per

789 685 432 39 mitido U Sᵈ que en su persona el procurador yaduogado

788 715 434 36 fiscal de essa Sancta sede ayan hecho enconsistorio tan

789 745 431 38 iniusta iniqua y temeraria instancia y demanda que al

787 776 433 37 Rey mi señor fuesse quitado el Reyno aceptando y con

788 808 429 36 sintiendo a aquella U Sᵈ condezir quelo proueeria

787 838 430 35 a su tiempo y uiendo que enel monitorio despachado

785 867 432 43 contra Ascanio de la Corna U Sᵈ publica asu Magᵈ

1205 93 30 39 4
