1370 1054
163 122 443 48 tiene de la parte de aca y que caerian todas y V Mᵈ

163 158 440 44 de lamismamanera que el aca las tiene las podria

156 194 447 43 tener y yr acresçentando de la otra parte y apreta

159 223 444 41 lle el Pays adentro de manera que viendose en estre

167 253 432 40 chura viniese a hazer la paz quedando V Mᵈ señor

168 284 434 41 dela ribera sin restitucion delas plaças della que

162 311 441 49 seria la paz verdadera y se seguiria el effecto con el

161 347 442 43 nombre viendo que son siempre ellos los que rompen

166 374 432 49 q̃ quitada esta commodidad no lo harian assi tan li

167 404 436 47 geramente como es desu costumbre y teniendo la V Mᵈ

167 440 438 46 tanpoco le haria salir dela suya de ser tan Catholico

167 471 440 45 Principe y Zeloso del bien publico y hasta q̃ françeses

164 500 446 47 esten fuera de Ittalia y V Mᵈ sea Sͬ dela Soma nũ

166 532 442 47 ca estaran franceses en paz sino quando estuvieren

162 570 293 41 Imposibilitados de hazer guerra.

173 611 435 37 Pues viendo dela manera arriba dicha que quieren lle

161 642 452 41 uar en Ittalia y los medios por donde han caminado

160 673 454 46 auenir a ello tanmalos y tan evidentes para los que

162 713 446 35 hauemos estado presentes aquerer quedar en todas a

163 742 447 42 quellas cosas que havian menester para la guerra y lo

164 774 450 41 que an procurado eneste abocamiento de enemistar

166 806 452 39 a V Mᵈ con sus aliados, su enuejecida costumbre no

168 839 450 41 mepuedo persuadir que esta paz aya de durar mas de

168 869 448 47 lo que ellos auran menester para hauer a la mano lo

785 120 441 46 que les pica y rehazerse para boluer ala guerra por donde

784 156 438 39 dela paz desta manera o dela guerra o dela tregua la

784 190 430 39 que menos me paresçe que cumple al seruicio de V Mᵈ

783 223 433 38 seria la paz conlas condiciones dhãs y lo que mas con

783 259 435 39 uendria seria la guerra para venir a la paz q̃ tuuiesse

782 291 438 41 el effecto que se pretende que teniendo V Mᵈ alguna

779 326 438 35 forma de poder hazer esfuerço ellos estan tan flacos

784 360 438 38 q̃, o, se dexarian venir al acordio con differentes con

782 395 443 38 diciones que las que aora sean propuesto o se les haria

782 425 445 39 tal petrera que les hiziesse tambien hablar de otra

783 455 443 44 manera, Quando V Mᵈ estuuiesse en el estremo de

782 490 443 42 no poder en ninguna manera del mundo mantener la

785 522 444 41 guerra y huuiesse de hazer la paz con las condiciones

785 557 442 40 apuntadas ternia por mas luenga quietud y mas con

784 584 444 44 viniente al seruicio de V Mᵈ vna tregua quedandose

785 617 444 43 todas las cosas enel stado que agora estan quedandose

788 649 436 45 cada uno con lo que posee y si se pudiese auentajar algͣ

785 683 442 45 cosa tanto seria mejor porque dela paz en Italia ellos

787 717 436 41 quedan tan fuertes como tengo dicho y con la com

787 745 436 47 modidades del Duque de Saboya Marques de Mon

784 779 438 47 ferrar como arriba se apunta, y V Mᵈ perdio mu

785 812 438 49 cho Pays del que agora possee y sugente de guerra

788 844 444 51 se haura de entrar a alojar y comer en el estado de

1220 93 15 22 8
