1366 1054
130 133 465 38 Milan que no se podria traer por tierras defeudata

138 154 442 51 rios del jmperio como se hazia en los dias del Empᵒʳ

130 194 301 42 n.sͬ. entiempos de paz o tregua,

134 215 456 53 Con la tregua aunque ellos tengan mucho Pays V Mᵈ

135 255 453 46 tambien posee mucho para poder alojar toda su

135 285 450 50 gente yentretener la mayor parte della si ellos des

138 319 452 46 cansan de dinero tambien V Mᵈ descansara y tenien

135 350 455 53 do caudal para pagar V Mᵈ sugente aunque ellos le

137 390 457 48 tengan tambien mal que les pese haziendose laguerra,

153 424 438 47 como sea de hazer que hauiendo con que pagar lagente

137 464 457 42 sepodra hazer se restringiran yapretaran en mayor

141 490 450 49 estrechura delaque agora ellos por lo articulado de

138 521 457 51 la paz sequieren poner y no lefaltara a V Mᵈ el me

137 555 462 43 dio del Duque de Saboya y tierras del Monferrar no

145 584 458 45 hauiendolas dexado de su mano por la tregua como las

139 618 461 46 dexaria en poder de sus dueños por la paz y acaban

138 653 463 42 dose la tregua, o rompiendose la guerra la traera

149 683 454 46 V Mᵈ por Pays ageno loqueno haria si hauiendose

139 717 466 48 hecho la paz se rompiese como por su jnquietud y mala

142 750 463 48 obseruancia de Pays se puede tener por cierto q̃ seran

140 783 459 45 ellos los inuasores tienen mucha mas facilidad pͬ ͣ

141 816 456 43 juntar su exercito que V Mᵈ el suyo enel Stado

151 849 450 53 de Milan podrian venir ael por Pays abierto y de sus

778 131 430 35 amigos y sino amigos a mejor librar Neutrales q̃ les

780 159 432 35 daran vituallas paso y commodidades y como agora

780 190 435 38 es laguerra enel Pays ageno sera entonces enel propio

780 216 436 43 de V Mᵈ y de adonde es menester aun el ayuda y seruicio

780 248 160 39 para mantenerla.

778 281 433 43 A estos para ver el pie con que caminauan estue sperando

780 318 426 38 la election que harian delas plaças que hauian de rete

777 353 431 33 ner por que hauia dos maneras deplaças vnas solamͭ ͤ

777 382 432 38 para tener enfrenado al Duque y tener guardados sus

776 414 433 39 pasos para deffensa desu Reyno otras para tener Com

775 445 435 37 modidad de jnuadir el stado de Milan y tener pie en

777 476 431 38 Ittalia paralo que en ella quisieren emprender y esta

775 506 432 39 vltima es la que han eligido que cierto no an faltado

777 536 339 39 punto de venir adonde yo los aguardaua.

780 577 425 44 En lo de aca con la paz ellos bueluen plaças que para

781 613 424 34 V Mᵈ aunque siendo de sus Stados conuiene recupe

778 642 430 39 rallas no son de qualidad y estando en su poder puedan

775 677 430 39 ser de gran daño para V Mᵈ por tener ya con otras

775 706 434 41 cubierto y reparado el que podrian hazer ni estan en

777 737 428 41 parte que recuperandolas V Mᵈ crezca mucho la

781 769 426 41 Commodidad depodellos a ellos damnificar lo que

780 800 415 39 estodo al contrario en las q̃ V Mᵈ. Le restituye por

777 830 425 43 que Ham, y Sant Quintin que seles an de restituyr

775 864 432 42 con la tregua quedarian en las manos de V Mᵈ que
