1397 1054
152 135 435 38 mi señor elqual siguiendo las pisadas de su padre a siem

148 165 437 44 pre offrescido y de nueuo offresçe la propia persona con

149 198 441 38 todas sus fuerças en seruicio de essa sancta sede y pues

147 225 437 42 que el omnipotente y sumo Dios al cabo de tan largos

154 249 433 44 trabaios sobrepuiando con su bondad y misericordia a

148 281 442 45 los infinitos nuestros peccados ha sido seruido darnos el

149 312 436 47 descanso y nescesario remedio y quiete de la tregua no

150 345 440 44 quiera U Sͩ con el pensamiento y desseo de engrande

152 377 433 41 cer sus deudos pudiendo como he dicho hazello con

152 411 432 40 buena uoluntad desu Mᵈ en el Reyno con quiete per

152 437 440 45 petua. como su Mᵈ offresçe estoruar el bien que ha

150 469 447 39 concedido a la Chistiandad mas antes como uerdadero

154 505 438 42 pastor diputado a aparentar y no a dexar deuorar

163 537 429 44 las Oueias que tiene acargo permita que el pueblo Chris

152 569 442 40 tiano despues de tantos y tan continos daños que a pades

152 599 440 46 cido pueda gozar desta bendita gracia respirando y des

156 628 439 46 cansando en la tregua y en la Sperança que tiene de Paz

157 658 439 51 perpetua y siendo U Sᵈ como es razon y yo spero desto

159 694 439 40 Seruido le Supplico con los conuenientes y deuitos me

160 721 438 48 dios y maneras mande asegurar asi Mᵈ de no le offen

159 755 437 39 der ni hazer offender en el Reyno ni otros Stados y do

159 786 440 36 minios suyos satisfaciendo particularmente a todo

162 813 443 43 lo sobre dicho y proueyendo alos daños que podrian

160 839 468 46 subceder que yo en nombre desu Mᵈ me offrezco promp

166 869 425 47 tissimamente de haber lo mismo certificando y

782 125 435 42 ya segurando que su Mᵈ no pretende ningun Interes ni otra

785 156 432 37 cosa de U S ni tiene intencion de diminuyr un pelo el

784 184 433 46 dominio y estado dela Sancta sede appᶜᵃ y que el y sus

785 217 435 42 Seruidores y afficionados no dessean otra cosa que que

784 248 435 39 dar seguros que U Sᵈ no aya de Inquietar ni molestiar

785 279 431 42 asu Mͩ en sus Stados y Reynos y anssi me protesto a

782 306 437 47 Dios y a U Sͩ y a todo el mundo iunto que si U Sᵈ sin

784 345 435 37 dilacion de tiempo no quisiere quedar seruido de hazer y

785 375 429 38 executar lo sobredicho yo pensare de deffender el Reyͦ

786 406 427 38 a su Mᵈ en aquellas meiores maneras que pudiere y

786 436 429 37 los males que dello resultaren uayan sobre el alma y

785 467 431 33 conciencia de U Sᵈ todo lo sobredicho rescebire yo muy

786 498 435 36 gran mr̃d que U Sᵈ mande comunicar con el Sacro Sᵗᵒ

786 527 430 43 Collegio dandole libertad que pueda dezir lo que siente

785 561 434 38 que soi cierto que no solo desuiaran a U Sᵈ del ca

785 591 432 41 mino dela paz y quiete. la qual su Mᵈ y sus ministros

784 626 433 37 Summa mente dessean mas que como pilares y arri

785 656 437 39 mo dela Sancta yglesia ayudaran a procuralla por

786 687 438 41 la qual con grandissima Instancia quedo rogando

786 723 433 41 a N.Sʳ. y que ponga a U Sᵈ en animo que se siga y al

786 758 433 39 cance de manera que con tranquilidad y amor nos

786 789 430 42 pueda a todos mandar y nos otros como es Iusto

786 825 436 39 obedescer a su Be attᵐᵃ persona a quien Dios guarde

788 859 435 41 por tan largos años como la christiandad a menester

1209 91 22 27 6
