1370 1054
173 122 431 44 dela quietud y sera menos dañosa alos negocios de

174 154 429 43 U Mᵈ en el Stado que el dia de oy sehallan que la

173 186 438 45 paz con las condiciones que francesses laquieren y la

171 218 439 46 intencion que enel progreso dela negociacion han des

170 249 437 41 cubierto y podra U Mᵈ en ella metersus cosas en

170 280 444 44 orden assi fortificando las placas de sus fronteras co

169 313 442 44 mo acomodando las cosas de su hazienda y ponerse

171 345 444 43 demanera que su enemigo piense bien como buelue

176 371 437 48 alaguerra antes de entrar en ella ysientrare sede

177 405 439 45 tanta priesa aboluer ala quietud como se haura

174 435 443 47 dado a salir della. Plega a Dios de alumbrar a U Mᵈ

178 474 436 46 para que encaso tangraue haga la election que mas

176 514 193 35 conuenga a su seruicio.

169 549 437 50 Paresçer sobre las cosas de Francia que embio

179 591 429 45 el Duque a su Mᵈ estando en Paris a diez de

171 632 436 46 Iulio 1559. sobre negocios de Inglaterra.

188 685 424 48 He uisto la carta de U Mᵈ y la del obp̃o del Aguila

176 725 433 42 que U Mᵈ mando dar a don Antonio de Toledo.

179 757 436 47 para que me la embiase para que uisto lo q̃ en ella

182 796 430 41 dize considerase el periuizio que podria ser y que se

174 832 440 33 seguiria del casamiento queen elladize que se teme

181 855 449 50 de aU Mᵈ mi paresçer si estando las cosas en el termino

730 150 41 168 que estan conbendria

798 131 434 47 que estan conuendria tomar algun acordio con el Rey

798 171 315 35 de francia sobre lascosas de inglaterra.

794 202 430 41 Los medios que se podrian tomar entre U Mᵈ y el Rey

793 238 430 36 de francia siendo tantos y tan uarios ni se puede dezir

797 270 429 37 que sea bueno pero qualquiera que sea no puede dexar

793 306 430 30 de tener una de tres qualidades oser demanera queque

794 332 426 36 de el Reyno muy amano de U Mᵈ para que pueda dis

795 360 423 38 poner del a toda su uoluntad o que quede en la suya

793 389 427 36 dela mismamanera. o que setome el medio q̃ uengan

794 419 428 41 aser las partes yguales. los fines qual pores enteme ꝑa

793 456 422 39 los fines que al presente meparesce se deuenteneren los

795 486 417 39 negocios de U Mᵈ el primero es el general de procurar

798 519 417 38 queesta paz quetan nescesaria parescio a U Mᵈ para

797 549 420 38 el biendela Christiandad y el de sus particulares ua

797 584 423 34 ya adelante y se conserue pues aun las mismas causas

799 610 421 43 q̃ huuo quando se hizo aun estan en pie yenel mismo

798 646 423 40 Ser y fuerça que estauan quando se hizo. el segundo

799 681 423 38 procurar que françeses no tomen pie en aquel Reyno.

797 708 429 41 el Tercero procurar de fauorescer y mantener los Catho

795 739 422 40 licos de aquel Reyno de manera que haziendo serui

797 771 424 39 cio a Dios U Mᵈ pueda tener tanta parte en aquel

792 805 430 39 Reyno que siempre que le paresciere conuenir estan

797 836 430 35 do mas descansado delo que al presente se halla

797 865 436 49 mudar aquel gouierno tuuiesse tanta parte en el
