1370 1054
141 127 455 46 Paresçer que el Duque mi señor embio a su Magᵈ

160 158 434 50 estando tratando las pazes en el Abbadia de

166 195 370 49 Cercamp a 15 de Nouiembre 1558

150 254 452 47 Hauiendo mirado particularmente y considerado mucho

150 291 449 44 el termino con que los franceses an negociado lo que

153 322 442 50 puedo inferir dello es que ellos dessean hazer la paz

163 356 436 45 pero que la dessean a su modo que es quedar entablados

169 390 429 46 demanera que siempre que quieran romper se hallen

157 423 444 39 contodas las commodidades que al presente se hallan

156 456 446 45 y algunas de las que les faltan para la guerra y qui

159 488 442 45 tadas las de V Mᵈ para offendelles porque en Italia

159 524 446 40 ellos quieren quedar con Turin, Chinas, chier, vila

159 554 435 44 noua de Astepinerol que es muy buena plaça, y el

159 583 448 47 Marquesado de Saluzo, donde esta Carmagnola q̃

160 621 440 38 viniendoles bien podran fortificar quando el tiempo

161 651 440 41 les mostrare conuenirles, quieren restituyr al Duque

164 682 436 40 las otras placas desmanteladas quieren assi mismo res

162 708 451 47 tituyr el Marquesado de Monferrar contanto q̃ V. Mᵈ

161 743 447 41 restituya tambien las plaças que en el tiene ocupadas

164 777 442 44 quieren assimismo que en lo de corcega para acaballa

171 808 434 41 de restituir sede algun medio de que Ginoueses les ha

164 839 439 45 gan algun reconoscimiento apuntando a que les pa

169 866 442 55 gasen algun dinero, las plaças de Toscana dexaran

791 127 446 39 soldados de V. Mᵈ por no verse boluer de parte de los Fran

791 162 440 38 cesses el mismo juego en sus tierras que no podian dexar

792 193 439 38 de andar en la vna y otra parte y por esto no se podria

790 222 440 35 hazer el effecto como conuendria para forcarlos a de

790 251 442 40 xar el Pays porque yllo a hazer desde el St̃ado de Mi

790 282 246 38 lan seria cosa Implaticable.

790 321 445 42 El querer que les quede enlo de Corcega quentas con Gino

790 357 444 37 uesses ami Juyzio no es otra cosa que querer entrada cõ

790 389 440 36 ellos pa procurar hazerlos Neutrales y sus puertos a

791 418 436 36 biertos tanto a ellos como a V Mᵈ lo qual con la In

790 450 447 42 tençion q̃ sea se puede bien Juzgar pues francesses no

788 486 444 36 tienen para que querer ni su neutralidad ni sus puer

788 516 442 38 tos para deffender su Reyno ni conseruar sus stados

790 545 438 46 que tengan en Ittalia y por esta via haziendolos amigos

787 579 442 40 Suyos por el acordio o suelta que les hiziesen hazer los

776 607 453 42 enemigos de V Mᵈ mostrandoles hauerselos dexado

782 649 100 36 en pedra.

788 678 440 42 En las cosas destos Estados delo poco q̃ yo tengo enten

786 713 444 40 dido me paresçe que el que fuere Sͬ de las plaças que son

791 744 439 36 sobre la Soma tanto V Mᵈ como el Rey de francia

792 773 440 40 ternan dela ribera atras su Pays grasso y guardado

791 807 439 44 y assi como agora teniendola el Rey V Mᵈ no pue

791 839 444 40 de dela otra parte mantener plaças ningᵃˢ es cierto que

797 869 432 48 el Rey de francia no podria mantener las q̃ al presᵗᵉ
