1397 1054
231 176 302 44 enlabillasamaoril alos quince deas del mes

232 218 138 34 de mar o

724 39 393 41 Año MDLVI

775 118 464 48 Copia de carta que el Duque mi señor

790 160 438 35 scriuio a Papa Paulo uijͦ. exhortandole ala

796 194 427 42 paz; de Napoles, XXI, de Agosto .1555.

922 259 181 41 Sanctissimo señor

781 312 441 40 He rescebido el breue que me truxo Dominico del Nero y

785 349 439 36 entendido del lo que de parte de V Sᵈ me ha dicho a boca q̃

785 380 435 36 en effecto asido querer allanar y justificar los agrauios

786 411 440 36 hechos a su Mᵈ que yo embie a representar a V Sͩ con el

786 442 439 37 conde de Sanct valentin y por que las respuestas no son

788 473 441 36 tales que basten a satisfazer y excusar lo hecho no me ha

788 503 439 35 parescido necessario vsar de otra replica mayor mente

788 534 437 31 haviendo V Sᵈ despues procedido a cosas mas perjudicia

788 559 437 38 les y agrauios mas pesados que muestran abierta mente

788 589 439 39 quetal sea la Intencion y Voluntad de V Sᵈ y por que

791 620 439 37 V Sᵈ me quiere persuadir que yo deponga las armas sin

791 649 430 38 offrecer por su parte ninguna seguridad a las cosas.

792 680 434 36 dominios y stados de su Mᵈ qué es lo que sola mente

796 710 425 38 Se pretende me a parescido por mi postrera escusacion y

791 736 439 40 justificacion embiar con esta a Pirrho de lofredo

791 765 444 37 cauallero Napolitano para hazer saber a V Sᵈ lo q̃

796 795 435 40 por otras mias algunas vezes he hecho y es que siendo la

794 825 440 38 Mᵈ Çesarea y el Rey Philippe mis Señores, obbedien

790 856 440 42 tissimos y verdaderos deffensores dela Sancta Sede

1206 54 29 30 10

1199 83 25 29 3

1258 116 63 37 10244
