2067 3000
518.0 506.0 590.0 77.0 banda faziendo le el Rey merçed aguisa

513.0 575.0 600.0 75.0 da oen algũa casa de sus fijos ⁊ el nõ

516.0 643.0 612.0 73.0 q̃riendo fincar y q̃ pierda la banda para

515.0 713.0 620.0 73.0 en todos los tienpos del mundo q̃ nigũ

518.0 786.0 607.0 69.0 caualło nõ sea denudo del pedir mer

515.0 850.0 616.0 76.0 çed por el q̃l tome la banda nj̃ el Rey

511.0 921.0 599.0 85.0 de glã dar ⁊ q̃ sea desamado de todos

511.0 996.0 384.0 89.0 les caualłos dela banda

631.0 1133.0 492.0 72.0 eyendo alg̃u cauallero dela ban

633.0 1205.0 487.0 81.0 da justicia oofiçial por el Rey

516.0 1276.0 627.0 84.0 en algũ logar ⁊ acaesçiese q̃ otro caua

518.0 1358.0 628.0 82.0 lło dela banda feziese algũas cosas por

518.0 1428.0 615.0 77.0 q̃ meresciese muͬete q̃ aq̃l q̃ fuere o

515.0 1493.0 601.0 78.0 fiçial q̃lo prenda ⁊ q̃lo enbie al Rey

511.0 1558.0 605.0 87.0 ⁊ otrosy enbiel dezir todo el fecho en

516.0 1635.0 624.0 83.0 com̃o passo por escripto por q̃ el Rey fa

510.0 1708.0 620.0 78.0 ga sobrello lo q̃ fallare q̃ deue fazer

516.0 1773.0 604.0 75.0 de derecho Et sy de otra guisa lo fe

516.0 1848.0 599.0 73.0 ziese el caualło dela banda q̃ fuese

520.0 1913.0 628.0 73.0 juez q̃ el Rey q̃ glõ escarmiente dan

523.0 1986.0 615.0 79.0 dol aq̃lla pena q̃ fallare q̃l deue dar

615.0 2121.0 533.0 79.0 qͣl qͥer caualło dela banda q̃ sepa

613.0 2190.0 547.0 86.0 el dia q̃ se a a de fazer el torneo

1218.0 490.0 592.0 98.0 qͣndo lo ordenare el Rey q̃ se faga Et

1208.0 576.0 610.0 74.0 sy nõ fuere enla corte del Rey q̃ venga

1215.0 641.0 608.0 65.0 y donde qͥer q̃ fuere aeste dicho torneo

1211.0 706.0 607.0 70.0 enbiando el Rey por el Et se adiez

1220.0 771.0 603.0 74.0 leguas fuere q̃ se benga sin enbiar el

1216.0 835.0 594.0 76.0 Rey por el sabiendolo Et el q̃ nõ

1218.0 911.0 597.0 79.0 beniere seyendo sano o nõ posiere escu

1216.0 985.0 600.0 78.0 sa derecha par sy aq̃lla q̃ entendiere

1218.0 1056.0 605.0 75.0 el maestre ⁊ sus cauallos q̃l deñe Re

1225.0 1123.0 606.0 78.0 çebir. Por la pͥmͬa bez q̃ y nõ beniere

1225.0 1193.0 598.0 80.0 q̃ aya esta pena. q̃ nõ traya desde el

1225.0 1275.0 603.0 75.0 dia q̃ se feziere este torneo fasta tres

1225.0 1350.0 615.0 71.0 meses mas dela meytad dela banda Et

1225.0 1415.0 616.0 81.0 q̃ el benga tres benidas de josta con vn

1225.0 1491.0 593.0 69.0 caualło delos q̃ benieren al torneo qͣl

1225.0 1555.0 603.0 81.0 el maestre mandare ꝑo q̃ nõ sea delos

1231.0 1630.0 585.0 68.0 dela banda ⁊ cada benjda q̃ ouiere de

1231.0 1693.0 590.0 77.0 fazer q̃ ño traya banda nigũa Et sy

1231.0 1763.0 605.0 83.0 acaesçiere q̃ fuere doliente oouiere es

1230.0 1831.0 618.0 87.0 cusa derecha por sy por q̃ nõ pudo venir

1236.0 1906.0 577.0 72.0 q̃lo enbie mostrar al maestre ⁊ alos

1238.0 1975.0 573.0 71.0 caualłos dela banda por testimoĩo de

1231.0 2035.0 587.0 90.0 escuͬario publico por q̃ se el salue ⁊

1238.0 2106.0 605.0 80.0 nõ puedan dezir nigũa cosa del los q̃ nõ

1240.0 2173.0 633.0 95.0 an por q̃lo dezir Et esto ño se entiende
