2065 3000
456.0 501.0 340.0 75.0 qui se comiẽça el libro

446.0 573.0 377.0 78.0 dela banda q̃ fizo el Rey

446.0 651.0 80.0 60.0 don

230.0 720.0 305.0 76.0 de castiella ⁊ de leon

230 775 605 92 ⁊ es fundado sobre dos Razoñs la primͤa

233.0 855.0 577.0 83.0 alabando caualłia la segunda lealtad.

226.0 938.0 592.0 83.0 Et la Razon por q̃l mouio alo fazer es

233.0 1016.0 588.0 79.0 por q̃la mas alta ⁊ mas preciada ordẽ

230.0 1101.0 595.0 64.0 q̃ dios fizo es la caualłia ⁊ esto por mu

226.0 1183.0 555.0 70.0 chas Razoñs señalada miente por dos

241.0 1253.0 590.0 78.0 la primͬa por q̃la fizo dios para defender

231.0 1328.0 594.0 78.0 la su fe Et otrosi la segunda pura defẽ

228.0 1410.0 595.0 70.0 der cada unos en sus comarcas sus tie

225.0 1485.0 596.0 73.0 rras ⁊ sus estados Et por esto fallare

221.0 1563.0 632.0 70.0 des enlas coronicas antiguas delos gran

228.0 1646.0 598.0 74.0 grandes fechos q̃ pasaron./ q̃ apartada

233.0 1725.0 588.0 55.0 miente /. tomo dios en si los fechos de

231.0 1798.0 592.0 65.0 las batallas q̃ pasan por las manos de

233.0 1873.0 590.0 70.0 les caualłos Et asi se prueua q̃ pre

235.0 1953.0 595.0 65.0 cio dios mas esta orden q̃ nigũa delas

233.0 2028.0 588.0 70.0 otras ordeñs por q̃ se defiende la su fe

235.0 2106.0 596.0 69.0 ⁊ los Reynos ⁊ los señorios por ella Et

241.0 2183.0 580.0 68.0 por esto aq̃l q̃ fuere de bũa uentura ⁊

240.0 2258.0 585.0 102.0 se touiere por caualło segũt su estado

923 488 608 73 deue fazer mucho por onrrar la caualłia

923.0 565.0 603.0 80.0 ⁊ por leuar la adelante. Otrosy lealtad

926.0 640.0 612.0 76.0 es una delas mayores uirtudes q̃ puede

926.0 711.0 607.0 75.0 auer en algña perssona ⁊ señalada mĩe

920 767 600 103 te eñl caualło Com̃o qͥer q̃  se deue

925.0 863.0 606.0 70.0 guardar en muchas manͬas Pero las

925.0 940.0 628.0 75.0 prinçipales son dos la Primͬa guardar

923.0 1016.0 602.0 80.0 lealtad asu señor la segunda amar

925.0 1098.0 616.0 70.0 uerdadera miente aqͥen ouiere de amar

931.0 1166.0 604.0 82.0 especial miente aaq̃lla en qͥen posiere

925.0 1245.0 600.0 70.0 su coraçon Otrosi es tenudo om̃e de

928.0 1318.0 607.0 68.0 amar asi mesmo ⁊ preciar se ⁊ teñr se

926.0 1395.0 615.0 83.0 para algo ⁊ por esto se fizo esta orden de

926.0 1476.0 604.0 62.0 la banda por q̃los caualleros q̃ qͥsieren

923.0 1555.0 610.0 65.0 seer en esta orden ⁊ tomaren la banda q̃

935.0 1638.0 586.0 72.0 ayan en sy estas dos uirtudes mas q̃

925.0 1711.0 600.0 72.0 otros caualłos. Seer leals̃ asu señor

930.0 1795.0 595.0 56.0 ⁊ amar leal miente aaq̃lla en qͥen po

926.0 1871.0 630.0 70.0 siere su coraçon Otrosy manteñr caua

926.0 1955.0 620.0 65.0 lłia ⁊ teñr se por caualłos mas q̃ otros

945.0 2031.0 515.0 69.0 para fazer mas altas caualłias

1023.0 2168.0 545.0 78.0 ⁊ pues auedes oydo la Rayz del

1025.0 2251.0 495.0 74.0 comienço por q̃ se fizo este libro
