2065 3000
520.0 505.0 635.0 100.0 q̃ sea desterrado del Regno por diez años

518.0 590.0 635.0 71.0 ⁊ q̃ nõ traya la banda Et todas estas

523.0 658.0 620.0 70.0 cosas q̃ dichas son q̃las guarden en

518.0 725.0 632.0 65.0 tresy los caualłos dela banda ⁊ q̃ nõ

511.0 793.0 309.0 65.0 las digan aotros

626.0 1055.0 537.0 65.0 ste es el ordenamiẽto del torneo

630.0 1125.0 483.0 73.0 en qͣles cosas deuẽ tomar la

528.0 1201.0 618.0 72.0 jura alos caualłos del torneo ⁊ delas

525.0 1268.0 538.0 78.0 otͣs cosas q̃ deuẽ fazer los fiels̃

613.0 1395.0 525.0 75.0 o primͬo los fiels̃ an a catar las

620.0 1468.0 535.0 77.0 espadas q̃las nõ trayan agudas

528.0 1541.0 637.0 75.0 eñl taio nj̃ enlas puntas sy nõ q̃ seã

526.0 1606.0 649.0 82.0 Romas ⁊ essto mesmo q̃ caten q̃ nõ tra

531.0 1685.0 610.0 63.0 yan agudos los aros delas capelljnas

618.0 1826.0 533.0 74.0 trosy an de tomar jura a todos q̃

618.0 1903.0 537.0 68.0 nõ den coñllas de punta en nĩ

530.0 1978.0 615.0 80.0 gũa guisa nĩ de Reues al Rostro

613.0 2060.0 527.0 75.0 trosy sy a algũo cayere la cape

535.0 2133.0 605.0 80.0 lljna oel yelmo q̃l nõ den fasta

548.0 2211.0 183.0 77.0 qlã ponga

1341.0 521.0 470.0 84.0 trosy sy algũo cayere en tirr̃a

1246.0 588.0 315.0 80.0 q̃l nõ entrepiellen

1360.0 720.0 475.0 88.0 trosy an les adezir los fiels̃

1357 790 490 70 q̃ comiençen el torneo qͣndo

1255.0 855.0 588.0 81.0 taniẽren las tronpas ⁊ los atabals̃

1236.0 930.0 597.0 81.0 Et qͣndo oyerẽ tañer el añafil q̃

1243.0 1000.0 593.0 76.0 se tirẽ afuera ⁊ se Recoian cada

1245.0 1065.0 225.0 85.0 vnos asu ꝑte

1346.0 1196.0 519.0 80.0 trosy si el torneo fuere grãde

1363.0 1265.0 498.0 71.0 de muchos caualłos en q̃ aya

1258.0 1330.0 592.0 71.0 pendoñs de cada parte ⁊ se ouierẽ a

1260.0 1396.0 590.0 64.0 trauar los caualłos los vnos delos

1256.0 1470.0 614.0 76.0 otros para sse derritar delos cauallos

1256.0 1536.0 597.0 80.0 q̃los cauallos delos caualłos q̃ fue

1260.0 1610.0 606.0 76.0 ren ganados dela vna ꝑte ⁊ dela otra

1256.0 1676.0 599.0 75.0 ⁊ leuados ado estadieren los pendo

1261.0 1741.0 587.0 79.0 ñs q̃ nõ sean dados alos caualłos

1261.0 1816.0 594.0 85.0 q̃los perdierẽ fasta q̃ el torneo sea

1265.0 1895.0 208.0 85.0 pasado Ot

1338.0 2038.0 528.0 88.0 trosy desh̃ fuere pasado el tor

1338.0 2118.0 495.0 72.0 neo an se de ayuntar todos

1268.0 2188.0 578.0 90.0 los fiels̃ ⁊ con los q̃ ellos bieron
