2065 3000
528.0 503.0 592.0 85.0 q̃remos uos dezir en q̃ manͬa se a de

528.0 586.0 602.0 77.0 fazer el cauallero dela banda qͥer la

530.0 656.0 625.0 79.0 gane enla manͬa q̃ dize en este libro

526.0 735.0 615.0 70.0 q̃la deue ganar qͥer glã den por bon

525.0 805.0 261.0 73.0 dat q̃ aya eñl

602 937 515 83 rimͬa miente q̃ se açierte y el

608.0 1016.0 522.0 62.0 maestre ⁊ todos los caualleros de

523.0 1078.0 603.0 72.0 la banda q̃ y fueren Et sy mas nõ

525.0 1156.0 603.0 75.0 podiere seer q̃ fuẽ apriesa q̃ alo me

525.0 1230.0 610.0 66.0 nos q̃ se açierten y seys caualłos de

520.0 1296.0 628.0 65.0 la banda ⁊ el caualło aqͥen dieren la

523.0 1366.0 637.0 69.0 banda q̃ uenga armado de todas armas

521.0 1445.0 627.0 68.0 ⁊ q̃l pregunten si qͥere tomar la ban

526.0 1518.0 617.0 70.0 da ⁊ seer conpanͬo delos caualłos dela

528.0 1591.0 612.0 72.0 banda ⁊ sy dixiere sy q̃l digan uos

528.0 1663.0 588.0 78.0 auedes aiurar estas dos cosas la

525.0 1733.0 596.0 80.0 primͬa q̃ en toda ur̃a uida q̃ seades

526.0 1811.0 609.0 75.0 en ẜuiçio del Rey ⁊ q̃ seades sienpre

528.0 1883.0 615.0 83.0 uasallo del Rey ode algũo de sus fiios

540.0 1955.0 610.0 86.0 Pero sy acaesçiese q̃  uos partiesedes

535.0 2031.0 608.0 75.0 del Rey ode algũo de sus fiios q̃l en

533.0 2101.0 593.0 65.0 liedes la banda al Rey ⁊ q̃ nũca la

535.0 2170.0 633.0 73.0 podades pedir iamas para q̃ uos la den

535.0 2251.0 636.0 80.0 Pero biniendo con algũo de sus fiios

580 950 20 60 3

1235.0 508.0 565.0 77.0 del Rey ⁊ nõ faziendo contra uos lo q̃

1238.0 585.0 572.0 66.0 deuiesen q̃lo podades dezir al Rey ⁊

1240.0 661.0 600.0 72.0 q̃ uos podades pasar aotro de sus fiios

1238.0 730.0 602.0 66.0 qͣl fuere mas ũro talante oq̃ uos tome

1235.0 798.0 578.0 77.0 el Rey para sy Otrosy la segunda

1243.0 870.0 582.0 65.0 q̃ auedes de iurar es q̃ amedes alos

1243.0 936.0 558.0 72.0 caualłos dela banda asi com̃o aur̃os

1246.0 1006.0 587.0 70.0 h̃rmanos ⁊ q̃ nõ desayudedes aotro ca

1248.0 1081.0 603.0 69.0 ualło dela banda saluo sy fuese ayu

1243.0 1153.0 600.0 67.0 dando apadre o ah̃rmane Et estas des

1245.0 1215.0 576.0 73.0 cosas dichas son las q̃ an de iurar

1243.0 1288.0 578.0 72.0 Otrosy si dos caualleros dela banda

1248.0 1358.0 592.0 67.0 pelearen o ouieren contienda en uno

1248.0 1423.0 587.0 82.0 q̃ fagades much̃ por los partir Et sy

1245.0 1500.0 601.0 68.0 los nõ podierdes partir q̃ nõ ayudedes

1246.0 1578.0 595.0 77.0 anigũo dellos ⁊ desq̃ esto ouiere iu

1248.0 1646.0 585.0 70.0 rado q̃ finq̃ las Rodiellas ⁊ q̃ tome

1246.0 1710.0 590.0 66.0 al Rey ⁊ alos caualłos dela banda q̃

1248.0 1776.0 602.0 74.0 y estodierẽ las sobre senałs de banda

1246.0 1840.0 602.0 78.0 conla mano ⁊ q̃ glãs uistan ⁊ despũs

1248.0 1908.0 600.0 72.0 q̃ fuere uestido q̃ abraçe atodos los ca

1246.0 1981.0 594.0 65.0 ualłos dela banda q̃ y estadieren ⁊ q̃

1241.0 2043.0 577.0 67.0 los aya por hr̃manos de y adelante

1245.0 2111.0 595.0 79.0 Otrosy q̃l digan q̃ ponga en su ta

1241.0 2183.0 597.0 67.0 lante ⁊ en su coraçon de guardar to

1238.0 2238.0 580.0 102.0 das las cosas q̃ dize en este libro
