<?xml version="1.0" encoding="UTF-8"?>
<alto xmlns:xsi="http://www.w3.org/2001/XMLSchema-instance"
      xmlns="http://www.loc.gov/standards/alto/ns-v4#"
      xsi:schemaLocation="http://www.loc.gov/standards/alto/ns-v4# http://www.loc.gov/standards/alto/v4/alto-4-2.xsd">
  <Description>
    <MeasurementUnit>pixel</MeasurementUnit>
    <sourceImageInformation>
      <fileName>btv1b10033775d-f13.jpg</fileName>
      <fileIdentifier>mets//BnF-Département-des-Manuscrits-Espagnol-33.zip/btv1b10033775d-f13.jpg</fileIdentifier>
    </sourceImageInformation>
  </Description>
  
  <Tags>
    <OtherTag ID="BT1" LABEL="Title" DESCRIPTION="block type Title"/><OtherTag ID="BT2" LABEL="Main" DESCRIPTION="block type Main"/><OtherTag ID="BT3" LABEL="Commentary" DESCRIPTION="block type Commentary"/><OtherTag ID="BT4" LABEL="Illustration" DESCRIPTION="block type Illustration"/><OtherTag ID="BT12032" LABEL="DropCapitalZone" DESCRIPTION="block type DropCapitalZone"/><OtherTag ID="BT12033" LABEL="MainZone" DESCRIPTION="block type MainZone"/><OtherTag ID="BT12034" LABEL="MarginTextZone" DESCRIPTION="block type MarginTextZone"/><OtherTag ID="BT12035" LABEL="MusicZone" DESCRIPTION="block type MusicZone"/><OtherTag ID="BT12036" LABEL="NumberingZone" DESCRIPTION="block type NumberingZone"/><OtherTag ID="BT12037" LABEL="QuireMarksZone" DESCRIPTION="block type QuireMarksZone"/><OtherTag ID="BT12038" LABEL="RunningTitleZone" DESCRIPTION="block type RunningTitleZone"/><OtherTag ID="BT12039" LABEL="SealZone" DESCRIPTION="block type SealZone"/><OtherTag ID="BT12040" LABEL="StampZone" DESCRIPTION="block type StampZone"/><OtherTag ID="BT12041" LABEL="TableZone" DESCRIPTION="block type TableZone"/><OtherTag ID="BT12042" LABEL="TitlePageZone" DESCRIPTION="block type TitlePageZone"/><OtherTag ID="BT12029" LABEL="DamageZone" DESCRIPTION="block type DamageZone"/><OtherTag ID="BT12030" LABEL="DecorationZone" DESCRIPTION="block type DecorationZone"/><OtherTag ID="BT12031" LABEL="DigitizationArtefactZone" DESCRIPTION="block type DigitizationArtefactZone"/>
    <OtherTag ID="LT1" LABEL="Main" DESCRIPTION="line type Main"/><OtherTag ID="LT2" LABEL="Numbering" DESCRIPTION="line type Numbering"/><OtherTag ID="LT3" LABEL="Correction" DESCRIPTION="line type Correction"/><OtherTag ID="LT4" LABEL="Signature" DESCRIPTION="line type Signature"/><OtherTag ID="LT4978" LABEL="DefaultLine" DESCRIPTION="line type DefaultLine"/><OtherTag ID="LT4979" LABEL="DropCapitalLine" DESCRIPTION="line type DropCapitalLine"/><OtherTag ID="LT4980" LABEL="HeadingLine" DESCRIPTION="line type HeadingLine"/><OtherTag ID="LT4981" LABEL="InterlinearLine" DESCRIPTION="line type InterlinearLine"/>
  </Tags>
  
  <Layout>
    <Page WIDTH="2065"
          HEIGHT="3000"
          PHYSICAL_IMG_NR="7"
          ID="eSc_dummypage_">
      <PrintSpace HPOS="0"
                  VPOS="0"
                  WIDTH="2065"
                  HEIGHT="3000">
        
        <TextBlock HPOS="229.69879150390625"
                   VPOS="498.8690185546875"
                   WIDTH="642.2894287109375"
                   HEIGHT="1789.9815673828125"
                   ID="block_0"
                   TAGREFS="BT12033">
          <Shape><Polygon POINTS="229.699 498.869 871.988 498.869 871.988 2288.85 229.699 2288.85 229.699 498.869"/></Shape>
          
          
          <TextLine ID="line_0"
                    TAGREFS="LT4978"
                    BASELINE="258 558 831 543" 
                    HPOS="256.0"
                    VPOS="496.0"
                    WIDTH="575.0"
                    HEIGHT="77.0">
            <Shape><Polygon POINTS="258 558 258 573 395 565 436 566 510 571 511 571 513 571 535 563 540 561 545 563 571 570 573 570 575 570 576 570 578 570 588 561 591 558 658 558 670 558 810 563 811 563 813 563 815 563 831 553 831 543 826 500 725 506 713 500 708 496 706 496 705 496 641 496 640 496 610 501 571 508 533 503 511 500 510 500 508 500 506 500 503 503 486 515 435 515 415 505 413 505 411 505 410 505 373 516 318 505 313 505 311 505 310 505 308 505 308 506 295 518 256 506 258 558"/></Shape>
	    <String CONTENT="enlos torneos peq̃nos de diez por diez"
                    HPOS="256.0"
                    VPOS="496.0"
                    WIDTH="575.0"
                    HEIGHT="77.0"></String>
          </TextLine>

          
          
          <TextLine ID="line_1"
                    TAGREFS="LT4978"
                    BASELINE="256 613 815 605" 
                    HPOS="255.0"
                    VPOS="566.0"
                    WIDTH="560.0"
                    HEIGHT="59.0">
            <Shape><Polygon POINTS="256 613 256 623 813 625 815 605 810 566 255 576 256 613"/></Shape>
	    <String CONTENT="odende ayuso saluo enlos grandes."
                    HPOS="255.0"
                    VPOS="566.0"
                    WIDTH="560.0"
                    HEIGHT="59.0"></String>
          </TextLine>

          
          
          <TextLine ID="line_2"
                    TAGREFS="LT4978"
                    BASELINE="256 678 836 668" 
                    HPOS="255.0"
                    VPOS="626.0"
                    WIDTH="581.0"
                    HEIGHT="69.0">
            <Shape><Polygon POINTS="256 678 256 695 835 685 836 668 833 636 626 626 625 626 623 626 621 626 621 628 610 638 550 626 548 626 546 626 520 640 518 641 381 641 358 630 356 630 355 630 353 630 330 643 316 631 315 631 313 631 270 631 268 631 266 631 265 631 255 638 256 678"/></Shape>
	    <String CONTENT="qͣndo se ouieren a fazer seyendo prego"
                    HPOS="255.0"
                    VPOS="626.0"
                    WIDTH="581.0"
                    HEIGHT="69.0"></String>
          </TextLine>

          
          
          <TextLine ID="line_3"
                    TAGREFS="LT4978"
                    BASELINE="258 738 351 738" 
                    HPOS="258.0"
                    VPOS="698.0"
                    WIDTH="93.0"
                    HEIGHT="60.0">
            <Shape><Polygon POINTS="258 738 258 758 351 753 351 738 351 708 310 698 308 698 258 705 258 738"/></Shape>
	    <String CONTENT="nados"
                    HPOS="258.0"
                    VPOS="698.0"
                    WIDTH="93.0"
                    HEIGHT="60.0"></String>
          </TextLine>

          
          
          <TextLine ID="line_4"
                    TAGREFS="LT4978"
                    BASELINE="370 861 813 856" 
                    HPOS="368.0"
                    VPOS="831.0"
                    WIDTH="445.0"
                    HEIGHT="50.0">
            <Shape><Polygon POINTS="801 831 785 831 768 831 751 831 735 831 718 831 701 831 685 831 668 831 651 831 635 831 618 831 601 831 585 831 568 831 551 831 535 831 518 831 501 831 485 831 480 833 476 833 473 833 466 831 451 831 435 831 428 831 426 833 426 835 368 835 370 861 370 871 436 881 438 881 440 881 473 873 490 881 491 881 493 881 495 881 520 871 618 878 620 878 621 878 623 878 636 870 651 880 653 880 655 880 656 880 811 866 813 856 810 831 801 831"/></Shape>
	    <String CONTENT="nͣdo se pregonare justa enla"
                    HPOS="368.0"
                    VPOS="831.0"
                    WIDTH="445.0"
                    HEIGHT="50.0"></String>
          </TextLine>

          
          
          <TextLine ID="line_5"
                    TAGREFS="LT4978"
                    BASELINE="370 925 835 925" 
                    HPOS="370.0"
                    VPOS="880.0"
                    WIDTH="465.0"
                    HEIGHT="60.0">
            <Shape><Polygon POINTS="370 925 370 931 806 940 808 940 810 940 835 930 835 925 835 893 768 893 748 880 746 880 745 880 743 880 741 880 740 880 723 890 703 881 701 881 700 881 698 881 696 881 686 891 583 891 560 880 558 880 556 880 480 888 453 880 451 880 450 880 448 880 446 880 446 881 435 893 370 893 370 925"/></Shape>
	    <String CONTENT="corte del Rey oen otra villa por"
                    HPOS="370.0"
                    VPOS="880.0"
                    WIDTH="465.0"
                    HEIGHT="60.0"></String>
          </TextLine>

          
          
          <TextLine ID="line_6"
                    TAGREFS="LT4978"
                    BASELINE="258 993 845 986" 
                    HPOS="256.0"
                    VPOS="938.0"
                    WIDTH="589.0"
                    HEIGHT="75.0">
            <Shape><Polygon POINTS="258 993 258 1000 325 1001 335 1011 335 1013 336 1013 338 1013 340 1013 341 1013 363 1003 430 1011 431 1011 433 1011 475 1000 556 1010 558 1010 665 1000 693 1010 695 1010 696 1010 755 996 773 1008 775 1008 776 1008 778 1010 821 1010 821 1008 823 1008 825 1008 845 995 845 986 840 941 746 950 721 943 705 940 703 940 701 940 660 945 616 951 611 946 603 940 603 938 601 938 600 938 598 938 521 948 520 948 460 940 458 940 395 951 378 955 371 953 343 941 341 941 340 941 338 941 336 941 321 953 318 956 256 956 258 993"/></Shape>
	    <String CONTENT="caualłia opor bodas q̃ faga algũo q̃ qͣl"
                    HPOS="256.0"
                    VPOS="938.0"
                    WIDTH="589.0"
                    HEIGHT="75.0"></String>
          </TextLine>

          
          
          <TextLine ID="line_7"
                    TAGREFS="LT4978"
                    BASELINE="260 1061 841 1051" 
                    HPOS="258.0"
                    VPOS="1008.0"
                    WIDTH="583.0"
                    HEIGHT="72.0">
            <Shape><Polygon POINTS="260 1061 260 1073 268 1080 270 1080 271 1080 273 1080 453 1068 645 1075 646 1075 743 1063 815 1071 816 1071 818 1071 841 1060 841 1051 838 1021 793 1021 778 1008 776 1008 775 1008 773 1008 771 1008 741 1021 740 1021 733 1021 648 1011 646 1011 645 1011 626 1021 623 1023 598 1021 463 1013 461 1013 405 1015 403 1015 401 1015 388 1023 381 1028 308 1028 300 1023 290 1016 288 1016 286 1016 285 1016 283 1016 258 1023 260 1061"/></Shape>
	    <String CONTENT="qͬer caualło dela banda seyendo adiez"
                    HPOS="258.0"
                    VPOS="1008.0"
                    WIDTH="583.0"
                    HEIGHT="72.0"></String>
          </TextLine>

          
          
          <TextLine ID="line_8"
                    TAGREFS="LT4978"
                    BASELINE="255 1121 856 1111" 
                    HPOS="253.0"
                    VPOS="1070.0"
                    WIDTH="603.0"
                    HEIGHT="75.0">
            <Shape><Polygon POINTS="255 1121 255 1130 303 1141 305 1141 360 1140 361 1140 363 1140 375 1131 388 1143 388 1145 390 1145 391 1145 393 1145 395 1145 396 1145 415 1130 476 1138 478 1138 546 1126 555 1126 556 1126 573 1135 575 1135 576 1135 578 1135 580 1135 580 1133 586 1126 623 1141 625 1141 626 1141 628 1141 648 1130 658 1140 660 1140 661 1140 663 1141 721 1141 721 1140 723 1140 725 1140 725 1138 733 1131 803 1138 805 1138 806 1138 856 1123 856 1111 853 1081 801 1071 800 1071 798 1071 796 1071 785 1081 763 1070 761 1070 760 1070 758 1070 756 1070 741 1083 740 1085 681 1085 681 1083 646 1071 645 1071 643 1071 536 1086 531 1088 498 1088 481 1088 470 1076 470 1075 468 1075 466 1075 465 1075 463 1075 461 1075 461 1076 451 1085 351 1076 350 1076 348 1076 308 1090 271 1078 270 1078 268 1078 266 1078 265 1078 253 1085 255 1121"/></Shape>
	    <String CONTENT="leguas q̃ venga y guisado para justar"
                    HPOS="253.0"
                    VPOS="1070.0"
                    WIDTH="603.0"
                    HEIGHT="75.0"></String>
          </TextLine>

          
          
          <TextLine ID="line_9"
                    TAGREFS="LT4978"
                    BASELINE="253 1183 840 1175" 
                    HPOS="251.0"
                    VPOS="1138.0"
                    WIDTH="589.0"
                    HEIGHT="57.0">
            <Shape><Polygon POINTS="253 1183 253 1193 826 1195 828 1195 830 1195 831 1195 831 1193 840 1185 840 1175 835 1140 581 1146 560 1145 476 1138 475 1138 473 1138 443 1148 440 1148 435 1148 373 1140 371 1140 370 1140 350 1150 346 1153 251 1153 253 1183"/></Shape>
	    <String CONTENT="opara tornear sy fallare con qͥen por q̃"
                    HPOS="251.0"
                    VPOS="1138.0"
                    WIDTH="589.0"
                    HEIGHT="57.0"></String>
          </TextLine>

          
          
          <TextLine ID="line_10"
                    TAGREFS="LT4978"
                    BASELINE="255 1238 855 1231" 
                    HPOS="253.0"
                    VPOS="1191.0"
                    WIDTH="602.0"
                    HEIGHT="62.0">
            <Shape><Polygon POINTS="255 1238 255 1253 853 1241 855 1231 850 1195 611 1201 608 1200 601 1193 601 1191 600 1191 598 1191 553 1191 551 1191 508 1201 501 1203 496 1201 476 1193 475 1193 473 1193 471 1193 451 1203 450 1203 445 1203 383 1195 381 1195 380 1195 358 1203 325 1195 323 1195 321 1195 253 1206 255 1238"/></Shape>
	    <String CONTENT="paresca q̃ ado qͥer q̃ se prouare caualłia"
                    HPOS="253.0"
                    VPOS="1191.0"
                    WIDTH="602.0"
                    HEIGHT="62.0"></String>
          </TextLine>

          
          
          <TextLine ID="line_11"
                    TAGREFS="LT4978"
                    BASELINE="255 1293 851 1290" 
                    HPOS="253.0"
                    VPOS="1248.0"
                    WIDTH="598.0"
                    HEIGHT="63.0">
            <Shape><Polygon POINTS="255 1293 255 1303 433 1311 435 1311 496 1301 503 1301 506 1301 538 1311 540 1311 541 1311 621 1301 633 1300 635 1301 648 1310 650 1310 651 1310 653 1311 710 1311 710 1310 711 1310 713 1310 730 1300 731 1300 776 1310 778 1310 850 1298 851 1290 850 1258 838 1248 836 1248 835 1248 833 1248 831 1248 790 1258 638 1248 636 1248 635 1248 633 1248 633 1250 625 1258 606 1251 605 1251 603 1251 548 1261 445 1261 423 1250 421 1250 420 1250 328 1260 318 1251 318 1250 316 1250 315 1250 275 1250 273 1250 271 1250 270 1250 253 1258 255 1293"/></Shape>
	    <String CONTENT="q̃ sienpre se acierten y algũos caualłos"
                    HPOS="253.0"
                    VPOS="1248.0"
                    WIDTH="598.0"
                    HEIGHT="63.0"></String>
          </TextLine>

          
          
          <TextLine ID="line_12"
                    TAGREFS="LT4978"
                    BASELINE="250 1350 831 1350" 
                    HPOS="250.0"
                    VPOS="1306.0"
                    WIDTH="581.0"
                    HEIGHT="62.0">
            <Shape><Polygon POINTS="250 1350 250 1358 370 1368 371 1368 416 1360 466 1368 468 1368 831 1358 831 1350 831 1318 561 1306 560 1306 478 1316 453 1306 451 1306 450 1306 405 1316 370 1306 368 1306 366 1306 365 1306 363 1306 350 1316 336 1306 335 1306 333 1306 331 1306 330 1306 328 1306 313 1316 301 1308 300 1308 298 1308 296 1308 250 1316 250 1350"/></Shape>
	    <String CONTENT="dela banda Ca çierto nõ seria onrra de"
                    HPOS="250.0"
                    VPOS="1306.0"
                    WIDTH="581.0"
                    HEIGHT="62.0"></String>
          </TextLine>

          
          
          <TextLine ID="line_13"
                    TAGREFS="LT4978"
                    BASELINE="251 1406 865 1406" 
                    HPOS="251.0"
                    VPOS="1363.0"
                    WIDTH="614.0"
                    HEIGHT="68.0">
            <Shape><Polygon POINTS="251 1406 251 1416 381 1418 408 1430 410 1430 411 1430 491 1421 501 1430 503 1430 505 1430 506 1431 595 1431 595 1430 596 1430 618 1421 626 1418 650 1421 693 1428 695 1428 725 1423 746 1418 763 1423 786 1430 788 1430 790 1430 865 1423 865 1406 865 1375 821 1363 820 1363 818 1363 816 1363 815 1363 796 1375 725 1366 723 1366 625 1375 613 1365 613 1363 611 1363 610 1363 583 1363 581 1363 580 1363 540 1375 521 1363 520 1363 518 1363 516 1363 515 1363 513 1363 493 1376 456 1376 420 1363 418 1363 416 1363 415 1363 413 1363 398 1375 268 1363 266 1363 265 1363 263 1363 251 1371 251 1406"/></Shape>
	    <String CONTENT="la banda fazer se justa otorneo ⁊ estar"
                    HPOS="251.0"
                    VPOS="1363.0"
                    WIDTH="614.0"
                    HEIGHT="68.0"></String>
          </TextLine>

          
          
          <TextLine ID="line_14"
                    TAGREFS="LT4978"
                    BASELINE="253 1465 853 1461" 
                    HPOS="251.0"
                    VPOS="1420.0"
                    WIDTH="602.0"
                    HEIGHT="58.0">
            <Shape><Polygon POINTS="253 1465 253 1475 850 1478 853 1461 850 1433 716 1433 665 1420 663 1420 588 1431 375 1421 373 1421 371 1421 341 1433 283 1421 281 1421 280 1421 251 1433 253 1465"/></Shape>
	    <String CONTENT="el caualło dela banda adiez leguas den"
                    HPOS="251.0"
                    VPOS="1420.0"
                    WIDTH="602.0"
                    HEIGHT="58.0"></String>
          </TextLine>

          
          
          <TextLine ID="line_15"
                    TAGREFS="LT4978"
                    BASELINE="251 1518 848 1526" 
                    HPOS="250.0"
                    VPOS="1475.0"
                    WIDTH="598.0"
                    HEIGHT="71.0">
            <Shape><Polygon POINTS="251 1518 250 1525 281 1536 283 1536 285 1536 286 1536 303 1528 363 1530 380 1541 381 1541 383 1541 385 1541 488 1530 510 1543 511 1543 513 1543 515 1543 570 1531 728 1546 730 1546 846 1533 848 1526 846 1495 763 1493 763 1491 751 1481 750 1481 748 1481 746 1481 745 1481 723 1490 708 1480 706 1480 705 1480 703 1480 701 1480 666 1490 656 1491 643 1488 610 1478 608 1478 606 1478 605 1478 585 1486 576 1490 561 1486 533 1478 531 1478 530 1478 528 1478 508 1485 490 1490 426 1490 413 1481 403 1476 401 1476 340 1475 338 1475 336 1475 328 1480 315 1486 251 1478 251 1518"/></Shape>
	    <String CONTENT="de ⁊ nõ seer y Et el q̃lo asy feziere"
                    HPOS="250.0"
                    VPOS="1475.0"
                    WIDTH="598.0"
                    HEIGHT="71.0"
                    WC="0.93041"></String>
          </TextLine>

          
          
          <TextLine ID="line_16"
                    TAGREFS="LT4978"
                    BASELINE="255 1581 856 1586" 
                    HPOS="253.0"
                    VPOS="1535.0"
                    WIDTH="603.0"
                    HEIGHT="63.0">
            <Shape><Polygon POINTS="255 1581 253 1591 263 1598 265 1598 266 1598 268 1598 855 1595 856 1586 856 1551 841 1540 840 1540 838 1540 836 1540 805 1541 803 1541 801 1541 801 1543 790 1555 776 1555 728 1555 726 1553 701 1538 700 1538 698 1538 696 1538 695 1538 661 1551 658 1553 655 1551 626 1536 625 1536 568 1536 566 1536 565 1536 563 1536 545 1550 508 1538 506 1538 505 1538 503 1538 501 1538 501 1540 491 1548 488 1551 413 1551 410 1546 396 1536 396 1535 395 1535 393 1535 391 1535 333 1536 331 1536 330 1536 320 1546 315 1550 303 1545 278 1536 276 1536 275 1536 273 1536 255 1543 255 1581"/></Shape>
	    <String CONTENT="q̃ glõ loe por ello el Rey ⁊ los caualłos"
                    HPOS="253.0"
                    VPOS="1535.0"
                    WIDTH="603.0"
                    HEIGHT="63.0"></String>
          </TextLine>

          
          
          <TextLine ID="line_17"
                    TAGREFS="LT4978"
                    BASELINE="256 1641 833 1646" 
                    HPOS="255.0"
                    VPOS="1595.0"
                    WIDTH="578.0"
                    HEIGHT="70.0">
            <Shape><Polygon POINTS="256 1641 255 1653 268 1661 270 1661 271 1661 273 1661 446 1653 481 1663 483 1663 485 1663 486 1663 488 1663 498 1656 506 1663 508 1663 510 1663 511 1663 638 1655 760 1665 761 1665 763 1665 765 1665 765 1663 773 1656 831 1656 833 1646 831 1613 770 1613 768 1611 743 1598 741 1598 740 1598 738 1598 716 1606 666 1598 665 1598 663 1598 661 1598 643 1610 640 1611 633 1610 590 1596 588 1596 586 1596 511 1605 500 1596 498 1596 496 1596 495 1596 493 1596 491 1596 478 1606 473 1610 411 1610 406 1606 390 1595 388 1595 386 1595 385 1595 383 1595 381 1595 368 1606 366 1608 363 1605 350 1595 348 1595 346 1595 345 1595 343 1595 325 1605 323 1606 323 1605 313 1596 313 1595 311 1595 310 1595 308 1595 306 1595 305 1595 291 1605 286 1608 256 1605 256 1641"/></Shape>
	    <String CONTENT="dela banda ⁊ el q̃lo sopo ⁊ nõ qͥso yr"
                    HPOS="255.0"
                    VPOS="1595.0"
                    WIDTH="578.0"
                    HEIGHT="70.0"></String>
          </TextLine>

          
          
          <TextLine ID="line_18"
                    TAGREFS="LT4978"
                    BASELINE="258 1698 828 1708" 
                    HPOS="256.0"
                    VPOS="1656.0"
                    WIDTH="572.0"
                    HEIGHT="69.0">
            <Shape><Polygon POINTS="258 1698 256 1705 353 1718 355 1718 356 1718 358 1718 371 1710 388 1718 390 1718 391 1718 483 1711 491 1718 491 1720 493 1720 495 1720 496 1720 576 1713 601 1721 603 1721 605 1721 606 1721 625 1713 756 1725 758 1725 826 1715 828 1708 826 1675 638 1661 576 1661 575 1661 573 1661 571 1661 571 1663 565 1670 563 1670 560 1670 520 1661 518 1661 328 1665 318 1665 308 1656 306 1656 305 1656 303 1656 258 1663 258 1698"/></Shape>
	    <String CONTENT="alla q̃l den por pena q̃ nõ traya por"
                    HPOS="256.0"
                    VPOS="1656.0"
                    WIDTH="572.0"
                    HEIGHT="69.0"
                    WC="0.9812777777777778"></String>
          </TextLine>

          
          
          <TextLine ID="line_19"
                    TAGREFS="LT4978"
                    BASELINE="255 1758 825 1765" 
                    HPOS="253.0"
                    VPOS="1715.0"
                    WIDTH="572.0"
                    HEIGHT="70.0">
            <Shape><Polygon POINTS="255 1758 253 1766 346 1778 348 1778 536 1771 553 1781 555 1781 556 1781 558 1781 680 1773 696 1783 698 1783 700 1783 701 1785 808 1785 808 1783 810 1783 811 1783 823 1773 825 1765 825 1733 785 1733 783 1731 770 1720 768 1720 766 1720 765 1720 763 1720 731 1731 728 1731 628 1731 625 1730 603 1718 601 1718 600 1718 535 1728 531 1728 526 1728 396 1715 395 1715 343 1726 336 1728 288 1728 285 1725 276 1716 275 1716 273 1716 271 1716 270 1716 255 1723 255 1758"/></Shape>
	    <String CONTENT="vn mes la banda ⁊ q̃ benga tres beni"
                    HPOS="253.0"
                    VPOS="1715.0"
                    WIDTH="572.0"
                    HEIGHT="70.0"></String>
          </TextLine>

          
          
          <TextLine ID="line_20"
                    TAGREFS="LT4978"
                    BASELINE="253 1816 855 1825" 
                    HPOS="251.0"
                    VPOS="1775.0"
                    WIDTH="604.0"
                    HEIGHT="63.0">
            <Shape><Polygon POINTS="253 1816 251 1838 853 1838 855 1825 855 1788 843 1780 841 1780 840 1780 838 1780 790 1790 785 1791 778 1790 736 1778 735 1778 733 1778 688 1788 678 1790 668 1788 615 1776 501 1776 500 1776 498 1776 483 1783 476 1788 410 1788 405 1781 398 1776 398 1775 396 1775 395 1775 393 1775 391 1775 376 1781 368 1785 253 1780 253 1816"/></Shape>
	    <String CONTENT="das con vn caualło q̃ nõ sea dela banda"
                    HPOS="251.0"
                    VPOS="1775.0"
                    WIDTH="604.0"
                    HEIGHT="63.0"></String>
          </TextLine>

          
          
          <TextLine ID="line_21"
                    TAGREFS="LT4978"
                    BASELINE="253 1881 560 1881" 
                    HPOS="253.0"
                    VPOS="1836.0"
                    WIDTH="307.0"
                    HEIGHT="67.0">
            <Shape><Polygon POINTS="253 1881 253 1895 313 1895 321 1901 321 1903 323 1903 325 1903 326 1903 560 1898 560 1881 560 1851 501 1851 500 1850 486 1838 486 1836 485 1836 483 1836 481 1836 480 1836 448 1848 443 1851 415 1851 413 1848 401 1838 401 1836 400 1836 398 1836 366 1836 365 1836 363 1836 361 1836 348 1846 345 1850 338 1846 318 1840 316 1840 315 1840 253 1845 253 1881"/></Shape>
	    <String CONTENT="nõ teniẽdo el lança"
                    HPOS="253.0"
                    VPOS="1836.0"
                    WIDTH="307.0"
                    HEIGHT="67.0"></String>
          </TextLine>

          
          
          <TextLine ID="line_22"
                    TAGREFS="LT4978"
                    BASELINE="371 2008 840 2003" 
                    HPOS="370.0"
                    VPOS="1951.0"
                    WIDTH="470.0"
                    HEIGHT="67.0">
            <Shape><Polygon POINTS="371 2008 371 2018 840 2011 840 2003 835 1951 715 1963 703 1956 700 1953 698 1953 696 1953 695 1953 663 1958 633 1961 615 1960 556 1951 555 1951 553 1951 518 1963 506 1966 491 1965 430 1953 428 1953 426 1953 370 1968 371 2008"/></Shape>
	    <String CONTENT="odos los caualłos dela banda q̃"
                    HPOS="370.0"
                    VPOS="1951.0"
                    WIDTH="470.0"
                    HEIGHT="67.0"></String>
          </TextLine>

          
          
          <TextLine ID="line_23"
                    TAGREFS="LT4978"
                    BASELINE="376 2066 833 2071" 
                    HPOS="375.0"
                    VPOS="2026.0"
                    WIDTH="458.0"
                    HEIGHT="64.0">
            <Shape><Polygon POINTS="376 2066 375 2078 386 2086 388 2086 390 2086 391 2086 676 2078 723 2090 725 2090 726 2090 728 2090 730 2090 743 2080 831 2080 833 2071 831 2040 786 2030 785 2030 783 2030 781 2030 771 2038 771 2040 690 2040 685 2038 650 2028 648 2028 646 2028 545 2036 530 2036 526 2036 505 2026 503 2026 501 2026 376 2033 376 2066"/></Shape>
	    <String CONTENT="agora son oseran de aqui ade"
                    HPOS="375.0"
                    VPOS="2026.0"
                    WIDTH="458.0"
                    HEIGHT="64.0"
                    WC="0.9956833333333334"></String>
          </TextLine>

          
          
          <TextLine ID="line_24"
                    TAGREFS="LT4978"
                    BASELINE="258 2123 843 2126" 
                    HPOS="256.0"
                    VPOS="2081.0"
                    WIDTH="587.0"
                    HEIGHT="67.0">
            <Shape><Polygon POINTS="256 2133 321 2146 323 2146 325 2146 346 2136 363 2146 365 2146 366 2146 368 2146 490 2136 590 2148 591 2148 841 2136 843 2126 843 2091 741 2085 740 2085 738 2085 736 2085 736 2086 733 2088 726 2096 586 2096 571 2088 570 2088 568 2088 566 2088 565 2088 563 2088 551 2096 511 2085 503 2083 501 2083 500 2083 498 2083 496 2083 496 2085 495 2085 483 2096 431 2096 395 2083 393 2083 391 2083 390 2083 388 2083 358 2096 301 2096 260 2081 258 2123 256 2133"/></Shape>
	    <String CONTENT="lante q̃ sean tenudos de guardar to"
                    HPOS="256.0"
                    VPOS="2081.0"
                    WIDTH="587.0"
                    HEIGHT="67.0"
                    WC="0.9819857142857142"></String>
          </TextLine>

          
          
          <TextLine ID="line_25"
                    TAGREFS="LT4978"
                    BASELINE="258 2190 823 2193" 
                    HPOS="256.0"
                    VPOS="2146.0"
                    WIDTH="567.0"
                    HEIGHT="67.0">
            <Shape><Polygon POINTS="258 2190 256 2198 303 2211 305 2211 306 2211 308 2211 310 2211 326 2201 341 2211 343 2211 345 2211 346 2211 405 2201 465 2211 466 2211 468 2211 506 2201 548 2213 550 2213 551 2213 553 2213 586 2205 713 2213 715 2213 716 2213 738 2203 793 2213 795 2213 796 2213 821 2201 823 2193 823 2163 781 2148 780 2148 755 2148 753 2148 751 2148 750 2148 750 2150 738 2160 723 2148 721 2148 720 2148 718 2148 716 2148 686 2161 683 2163 598 2163 596 2160 585 2150 585 2148 583 2148 581 2148 580 2148 578 2148 553 2156 543 2148 543 2146 541 2146 540 2146 456 2146 455 2146 453 2146 426 2158 420 2160 411 2158 373 2146 371 2146 370 2146 368 2146 346 2156 340 2160 258 2156 258 2190"/></Shape>
	    <String CONTENT="das estas cosas q̃ estan en este libro"
                    HPOS="256.0"
                    VPOS="2146.0"
                    WIDTH="567.0"
                    HEIGHT="67.0"></String>
          </TextLine>

          
          
          <TextLine ID="line_26"
                    TAGREFS="LT4978"
                    BASELINE="261 2243 846 2253" 
                    HPOS="260.0"
                    VPOS="2201.0"
                    WIDTH="586.0"
                    HEIGHT="84.0">
            <Shape><Polygon POINTS="261 2243 260 2256 290 2266 291 2266 293 2266 340 2261 351 2260 355 2261 371 2276 371 2278 373 2278 375 2278 376 2278 378 2278 425 2265 433 2263 443 2266 460 2271 461 2271 463 2271 495 2268 546 2263 561 2271 575 2280 576 2280 578 2280 580 2280 581 2280 583 2280 591 2275 598 2280 598 2281 600 2281 601 2281 716 2283 718 2283 720 2283 721 2283 721 2281 725 2280 730 2275 743 2280 751 2283 753 2283 755 2283 766 2281 811 2273 841 2285 846 2253 843 2216 793 2220 776 2215 755 2208 753 2208 751 2208 696 2215 656 2218 626 2213 588 2206 586 2206 585 2206 583 2206 576 2213 570 2216 488 2216 483 2211 476 2205 475 2205 473 2205 471 2205 435 2211 420 2213 403 2211 350 2201 348 2201 261 2208 261 2243"/></Shape>
	    <String CONTENT="dela banda E aun el q̃ podiere fazer"
                    HPOS="260.0"
                    VPOS="2201.0"
                    WIDTH="586.0"
                    HEIGHT="84.0"
                    WC="0.9827250000000001"></String>
          </TextLine>

          
        </TextBlock>
        
        <TextBlock HPOS="928.8787231445312"
                   VPOS="490.4353332519531"
                   WIDTH="681.3673706054688"
                   HEIGHT="1792.2184753417969"
                   ID="block_1"
                   TAGREFS="BT12033">
          <Shape><Polygon POINTS="928.879 490.435 1610.25 490.435 1610.25 2282.65 928.879 2282.65 928.879 490.435"/></Shape>
          
          
          <TextLine ID="line_27"
                    TAGREFS="LT4978"
                    BASELINE="948 540 1551 545" 
                    HPOS="946.0"
                    VPOS="475.0"
                    WIDTH="605.0"
                    HEIGHT="91.0">
            <Shape><Polygon POINTS="948 540 946 550 1003 563 1005 565 1116 565 1116 563 1118 563 1140 553 1158 565 1160 565 1161 565 1163 565 1320 555 1455 555 1483 566 1485 566 1486 566 1550 555 1551 545 1551 500 1518 500 1516 498 1486 478 1485 478 1483 478 1481 478 1480 478 1441 498 1420 498 1373 498 1371 498 1328 475 1326 475 1230 475 1228 475 1226 475 1180 488 1150 475 1148 475 1146 475 1051 476 1050 476 995 495 991 495 948 495 948 540"/></Shape>
	    <String CONTENT="mas delo q̃ aqui esta tan bien en seer"
                    HPOS="946.0"
                    VPOS="475.0"
                    WIDTH="605.0"
                    HEIGHT="91.0"></String>
          </TextLine>

          
          
          <TextLine ID="line_28"
                    TAGREFS="LT4978"
                    BASELINE="948 603 1561 611" 
                    HPOS="946.0"
                    VPOS="560.0"
                    WIDTH="615.0"
                    HEIGHT="71.0">
            <Shape><Polygon POINTS="948 603 946 620 1068 615 1116 621 1150 626 1151 626 1153 626 1155 626 1161 621 1171 616 1180 621 1191 628 1193 628 1195 628 1196 628 1215 621 1220 620 1223 621 1233 628 1235 628 1236 628 1238 628 1240 628 1241 628 1251 621 1253 620 1255 621 1265 628 1266 628 1268 628 1270 628 1271 628 1273 628 1273 626 1280 621 1281 620 1358 620 1381 621 1525 631 1526 631 1528 631 1560 620 1561 611 1561 578 1531 566 1530 566 1440 563 1391 563 1390 563 1388 563 1361 576 1236 576 1235 575 1225 565 1223 565 1221 565 1220 565 1140 571 1118 560 1116 560 1071 560 1070 560 1068 560 1066 560 1066 561 1053 571 1000 560 998 560 948 570 948 603"/></Shape>
	    <String CONTENT="cortes com̃o en prouar caualłia q̃ esto"
                    HPOS="946.0"
                    VPOS="560.0"
                    WIDTH="615.0"
                    HEIGHT="71.0"></String>
          </TextLine>

          
          
          <TextLine ID="line_29"
                    TAGREFS="LT4978"
                    BASELINE="948 668 1556 671" 
                    HPOS="946.0"
                    VPOS="625.0"
                    WIDTH="610.0"
                    HEIGHT="60.0">
            <Shape><Polygon POINTS="948 668 946 685 1555 681 1556 671 1555 641 1446 626 1445 626 1390 640 1386 641 1253 641 1250 640 1211 625 1210 625 1106 625 1105 625 1103 625 1056 636 1015 625 1013 625 1011 625 1010 625 1008 625 1008 626 995 638 993 638 948 638 948 668"/></Shape>
	    <String CONTENT="q̃ glõ gradescan de mas. mas alo me"
                    HPOS="946.0"
                    VPOS="625.0"
                    WIDTH="610.0"
                    HEIGHT="60.0"></String>
          </TextLine>

          
          
          <TextLine ID="line_30"
                    TAGREFS="LT4978"
                    BASELINE="950 731 1560 740" 
                    HPOS="948.0"
                    VPOS="688.0"
                    WIDTH="612.0"
                    HEIGHT="70.0">
            <Shape><Polygon POINTS="950 731 948 741 981 751 983 751 985 751 1060 743 1065 743 1071 751 1073 751 1073 753 1075 753 1076 753 1078 753 1181 746 1195 755 1196 755 1198 755 1200 755 1300 746 1303 746 1305 746 1358 756 1360 756 1433 748 1463 758 1465 758 1466 758 1558 748 1560 740 1560 708 1510 708 1510 706 1496 695 1496 693 1495 693 1493 693 1491 693 1490 693 1460 703 1441 691 1440 691 1438 691 1436 691 1378 693 1376 693 1375 693 1358 705 1355 705 1283 690 1281 690 1223 703 1193 703 1188 703 1186 701 1161 688 1160 688 1158 688 1156 688 1118 700 1103 688 1101 688 1100 688 1098 688 1096 688 1065 700 950 700 950 731"/></Shape>
	    <String CONTENT="nos q̃ esto q̃lo guarde todo segũt q̃ en"
                    HPOS="948.0"
                    VPOS="688.0"
                    WIDTH="612.0"
                    HEIGHT="70.0"></String>
          </TextLine>

          
          
          <TextLine ID="line_31"
                    TAGREFS="LT4978"
                    BASELINE="948 793 1581 805" 
                    HPOS="946.0"
                    VPOS="746.0"
                    WIDTH="635.0"
                    HEIGHT="80.0">
            <Shape><Polygon POINTS="948 793 946 805 966 816 968 816 970 816 971 818 1040 818 1040 816 1041 816 1043 816 1055 806 1128 820 1130 820 1131 820 1163 808 1185 820 1186 820 1188 820 1275 810 1333 823 1335 823 1400 811 1565 826 1566 826 1568 826 1570 826 1570 825 1580 813 1581 805 1581 765 1566 756 1565 756 1563 756 1561 756 1560 756 1536 768 1531 770 1526 768 1495 755 1493 755 1446 755 1445 755 1443 755 1441 755 1441 756 1431 766 1428 768 1375 768 1370 765 1356 756 1355 756 1353 756 1351 756 1350 756 1330 763 1318 753 1318 751 1316 751 1315 751 1313 751 1251 763 1245 765 1241 763 1226 750 1225 750 1223 750 1221 750 1166 761 1161 763 1160 761 1136 748 1135 748 1133 748 1131 748 1130 748 1128 748 1111 761 1110 763 1075 763 1071 761 1045 746 1043 746 1041 746 948 758 948 793"/></Shape>
	    <String CONTENT="este libro esta escpͥto Et sy en algũa cosa"
                    HPOS="946.0"
                    VPOS="746.0"
                    WIDTH="635.0"
                    HEIGHT="80.0"></String>
          </TextLine>

          
          
          <TextLine ID="line_32"
                    TAGREFS="LT4978"
                    BASELINE="951 856 1580 865" 
                    HPOS="950.0"
                    VPOS="826.0"
                    WIDTH="630.0"
                    HEIGHT="55.0">
            <Shape><Polygon POINTS="1450 860 1435 831 1410 835 1408 835 1406 835 1401 831 1385 831 1368 831 1360 831 1346 835 1340 835 1335 835 1318 831 1301 831 1285 831 1268 831 1251 831 1235 831 1218 831 1201 831 1185 831 1168 831 1151 831 1135 831 1118 831 1101 831 1085 831 1068 831 1051 831 1035 831 1018 831 1001 831 985 831 968 831 951 831 951 856 950 868 1100 868 1106 870 1125 876 1126 876 1128 876 1178 870 1196 868 1200 870 1211 878 1213 878 1215 878 1216 878 1293 871 1310 870 1311 871 1325 880 1326 880 1328 880 1330 880 1410 871 1415 871 1416 871 1451 881 1453 881 1455 881 1578 871 1580 865 1578 838 1520 828 1518 828 1516 828 1501 836 1486 826 1485 826 1483 826 1481 826 1458 828 1450 860"/></Shape>
	    <String CONTENT="lo errare q̃ el maestre q̃l de aq̃lla pena"
                    HPOS="950.0"
                    VPOS="826.0"
                    WIDTH="630.0"
                    HEIGHT="55.0"></String>
          </TextLine>

          
          
          <TextLine ID="line_33"
                    TAGREFS="LT4978"
                    BASELINE="953 923 1553 935" 
                    HPOS="951.0"
                    VPOS="876.0"
                    WIDTH="602.0"
                    HEIGHT="67.0">
            <Shape><Polygon POINTS="953 923 951 935 958 940 960 940 961 940 963 940 1026 933 1036 941 1038 941 1040 941 1041 943 1551 943 1553 935 1553 903 1493 901 1491 900 1470 886 1468 886 1466 886 1465 886 1463 886 1428 896 1415 900 1326 900 1313 891 1296 883 1295 883 1256 883 1255 883 1253 883 1251 883 1245 888 1233 896 1156 896 1121 883 1110 880 1108 880 1106 880 1088 881 1021 891 953 876 953 923"/></Shape>
	    <String CONTENT="q̃ meresciere con acordamj̃ero delos ca"
                    HPOS="951.0"
                    VPOS="876.0"
                    WIDTH="602.0"
                    HEIGHT="67.0"></String>
          </TextLine>

          
          
          <TextLine ID="line_34"
                    TAGREFS="LT4978"
                    BASELINE="950 986 1585 995" 
                    HPOS="948.0"
                    VPOS="943.0"
                    WIDTH="637.0"
                    HEIGHT="70.0">
            <Shape><Polygon POINTS="950 986 948 996 970 1006 971 1006 973 1006 1071 998 1090 1006 1091 1006 1093 1006 1186 1000 1291 1010 1293 1010 1295 1010 1325 1001 1335 1010 1336 1010 1338 1010 1340 1010 1458 1005 1475 1013 1476 1013 1478 1013 1583 1003 1585 995 1585 961 1335 946 1333 946 1331 946 1306 956 1261 946 1260 946 1258 946 1225 956 1221 956 1220 956 1205 946 1203 946 1201 946 1200 946 1136 955 1131 955 1116 945 1115 945 1113 945 1045 943 1043 943 950 951 950 986"/></Shape>
	    <String CONTENT="ualłos dela banda seguñt fuere el yerro"
                    HPOS="948.0"
                    VPOS="943.0"
                    WIDTH="637.0"
                    HEIGHT="70.0"></String>
          </TextLine>

          
          
          <TextLine ID="line_35"
                    TAGREFS="LT4978"
                    BASELINE="948 1058 1558 1065" 
                    HPOS="946.0"
                    VPOS="1010.0"
                    WIDTH="612.0"
                    HEIGHT="71.0">
            <Shape><Polygon POINTS="948 1058 946 1068 958 1076 960 1076 961 1076 963 1076 1096 1068 1108 1076 1110 1076 1111 1076 1113 1076 1238 1070 1258 1080 1260 1080 1261 1080 1436 1073 1446 1081 1448 1081 1450 1081 1451 1081 1453 1081 1478 1073 1535 1081 1536 1081 1538 1081 1556 1071 1558 1065 1556 1033 1498 1023 1496 1023 1443 1028 1413 1031 1400 1026 1363 1013 1361 1013 1360 1013 1308 1025 1286 1028 1210 1028 1196 1020 1180 1011 1178 1011 1176 1011 1175 1011 1173 1011 1165 1020 1158 1025 1150 1020 1145 1015 1143 1015 1141 1015 1140 1015 1138 1015 1128 1018 1101 1028 1060 1028 1041 1015 1033 1010 1031 1010 1030 1010 1028 1010 948 1011 948 1058"/></Shape>
	    <String CONTENT="q̃ feziere. oalo menos q̃ sean y doze"
                    HPOS="946.0"
                    VPOS="1010.0"
                    WIDTH="612.0"
                    HEIGHT="71.0"></String>
          </TextLine>

          
          
          <TextLine ID="line_36"
                    TAGREFS="LT4978"
                    BASELINE="948 1116 1573 1121" 
                    HPOS="946.0"
                    VPOS="1073.0"
                    WIDTH="627.0"
                    HEIGHT="72.0">
            <Shape><Polygon POINTS="948 1116 946 1125 1083 1141 1085 1141 1186 1130 1206 1143 1208 1143 1210 1143 1211 1145 1266 1145 1266 1143 1268 1143 1270 1143 1270 1141 1283 1130 1316 1141 1318 1141 1320 1141 1321 1141 1345 1130 1385 1145 1386 1145 1388 1145 1390 1145 1420 1135 1435 1145 1436 1145 1438 1145 1440 1145 1515 1136 1538 1145 1540 1145 1541 1145 1543 1145 1571 1130 1573 1121 1573 1086 1558 1076 1556 1076 1555 1076 1553 1076 1500 1088 1463 1076 1461 1076 1460 1076 1458 1076 1425 1088 1413 1078 1413 1076 1411 1076 1410 1076 1408 1076 1280 1086 1248 1076 1246 1076 1245 1076 1185 1085 1156 1073 1155 1073 1153 1073 948 1083 948 1116"/></Shape>
	    <String CONTENT="caualłos segũt desuso es dicho Pero sy"
                    HPOS="946.0"
                    VPOS="1073.0"
                    WIDTH="627.0"
                    HEIGHT="72.0"></String>
          </TextLine>

          
          
          <TextLine ID="line_37"
                    TAGREFS="LT4978"
                    BASELINE="945 1178 1571 1183" 
                    HPOS="943.0"
                    VPOS="1133.0"
                    WIDTH="628.0"
                    HEIGHT="70.0">
            <Shape><Polygon POINTS="945 1178 943 1188 978 1200 980 1200 981 1200 1028 1188 1031 1188 1035 1188 1065 1200 1066 1200 1068 1201 1121 1201 1121 1200 1123 1200 1125 1200 1136 1190 1140 1188 1156 1190 1211 1200 1213 1200 1265 1191 1285 1190 1360 1190 1370 1195 1388 1203 1390 1203 1391 1203 1446 1195 1473 1191 1485 1196 1501 1203 1503 1203 1505 1203 1570 1196 1571 1183 1571 1151 1528 1136 1526 1136 1525 1136 1523 1136 1521 1136 1503 1150 1405 1136 1403 1136 1401 1136 1363 1150 1328 1135 1326 1135 1325 1135 1211 1148 1195 1135 1193 1135 1191 1135 1156 1135 1155 1135 1153 1135 1151 1135 1138 1146 1118 1138 1116 1138 1115 1138 1038 1146 978 1133 976 1133 975 1133 945 1146 945 1178"/></Shape>
	    <String CONTENT="algũo errase nõ guardando aq̃llas dos co"
                    HPOS="943.0"
                    VPOS="1133.0"
                    WIDTH="628.0"
                    HEIGHT="70.0"></String>
          </TextLine>

          
          
          <TextLine ID="line_38"
                    TAGREFS="LT4978"
                    BASELINE="946 1235 1590 1243" 
                    HPOS="945.0"
                    VPOS="1191.0"
                    WIDTH="645.0"
                    HEIGHT="72.0">
            <Shape><Polygon POINTS="946 1235 945 1251 950 1256 951 1256 951 1258 953 1258 955 1258 956 1258 1096 1250 1106 1258 1106 1260 1108 1260 1110 1260 1256 1261 1258 1261 1260 1261 1286 1253 1291 1251 1295 1253 1301 1260 1301 1261 1303 1261 1305 1261 1306 1261 1308 1261 1328 1255 1335 1253 1356 1255 1415 1263 1416 1263 1418 1263 1438 1258 1458 1253 1586 1261 1590 1243 1590 1213 1531 1213 1530 1211 1515 1200 1513 1200 1511 1200 1510 1200 1508 1200 1506 1200 1488 1211 1468 1203 1466 1203 1465 1203 1396 1210 1395 1210 1366 1198 1365 1198 1363 1198 1361 1198 1360 1198 1360 1200 1348 1210 1346 1210 1285 1210 1268 1195 1266 1195 1265 1195 1263 1195 1261 1195 1225 1205 1206 1196 1205 1196 1203 1196 1201 1196 1175 1205 1118 1195 1116 1195 1115 1195 1090 1201 1061 1191 1060 1191 1015 1191 1013 1191 1011 1191 1010 1191 1010 1193 998 1203 966 1191 965 1191 963 1191 961 1191 960 1191 946 1200 946 1235"/></Shape>
	    <String CONTENT="sas sobre q̃ juran sin q̃ el yerro de jurar"
                    HPOS="945.0"
                    VPOS="1191.0"
                    WIDTH="645.0"
                    HEIGHT="72.0"></String>
          </TextLine>

          
          
          <TextLine ID="line_39"
                    TAGREFS="LT4978"
                    BASELINE="948 1288 1571 1300" 
                    HPOS="946.0"
                    VPOS="1250.0"
                    WIDTH="625.0"
                    HEIGHT="68.0">
            <Shape><Polygon POINTS="948 1288 946 1296 1126 1311 1321 1315 1323 1315 1325 1315 1326 1315 1340 1306 1433 1316 1435 1316 1436 1316 1453 1308 1505 1318 1506 1318 1570 1308 1571 1300 1568 1263 1216 1266 1186 1261 1141 1253 1140 1253 1091 1261 1076 1263 1068 1261 1038 1250 1036 1250 1035 1250 948 1260 948 1288"/></Shape>
	    <String CONTENT="⁊ nõ lo guardar es muy grande./ q̃ el"
                    HPOS="946.0"
                    VPOS="1250.0"
                    WIDTH="625.0"
                    HEIGHT="68.0"></String>
          </TextLine>

          
          
          <TextLine ID="line_40"
                    TAGREFS="LT4978"
                    BASELINE="951 1346 1565 1356" 
                    HPOS="950.0"
                    VPOS="1308.0"
                    WIDTH="615.0"
                    HEIGHT="65.0">
            <Shape><Polygon POINTS="1450 1351 1441 1323 1400 1325 1370 1321 1318 1313 1316 1313 1315 1313 1313 1313 1303 1320 1301 1321 1300 1320 1290 1313 1288 1313 1286 1313 1285 1313 1283 1313 1266 1320 1260 1323 1251 1320 1235 1311 1233 1311 1231 1311 1191 1320 1176 1321 1061 1321 1060 1318 1053 1310 1051 1310 1051 1308 1050 1308 1048 1308 1046 1308 951 1316 951 1346 950 1356 1175 1370 1176 1370 1356 1365 1366 1373 1368 1373 1370 1373 1371 1373 1563 1366 1565 1356 1561 1323 1458 1323 1450 1351"/></Shape>
	    <String CONTENT="maestre con acuerdo delos doze caualłos"
                    HPOS="950.0"
                    VPOS="1308.0"
                    WIDTH="615.0"
                    HEIGHT="65.0"></String>
          </TextLine>

          
          
          <TextLine ID="line_41"
                    TAGREFS="LT4978"
                    BASELINE="945 1411 1570 1416" 
                    HPOS="943.0"
                    VPOS="1368.0"
                    WIDTH="627.0"
                    HEIGHT="70.0">
            <Shape><Polygon POINTS="945 1411 943 1423 953 1433 953 1435 955 1435 956 1435 958 1435 960 1435 986 1423 1053 1423 1065 1433 1065 1435 1066 1435 1068 1435 1070 1435 1253 1426 1265 1436 1266 1436 1268 1436 1270 1436 1346 1425 1375 1438 1376 1438 1378 1438 1476 1430 1530 1438 1531 1438 1533 1438 1568 1425 1570 1416 1570 1386 1528 1386 1528 1385 1518 1376 1518 1375 1516 1375 1515 1375 1513 1375 1511 1375 1481 1383 1466 1373 1465 1373 1463 1373 1461 1373 1460 1373 1425 1381 1393 1371 1391 1371 1390 1371 1388 1371 1386 1371 1386 1373 1375 1383 1361 1371 1360 1371 1358 1371 1356 1371 1355 1371 1326 1380 1300 1370 1298 1370 1296 1370 1295 1370 1265 1385 1263 1385 1140 1385 1115 1385 1096 1368 1095 1368 1093 1368 1091 1368 1090 1368 1060 1385 1045 1385 1038 1385 1038 1383 1023 1370 1023 1368 1021 1368 1020 1368 965 1368 963 1368 961 1368 960 1368 945 1378 945 1411"/></Shape>
	    <String CONTENT="q̃l de esta pena en estas dos cosas seg̃t"
                    HPOS="943.0"
                    VPOS="1368.0"
                    WIDTH="627.0"
                    HEIGHT="70.0"></String>
          </TextLine>

          
          
          <TextLine ID="line_42"
                    TAGREFS="LT4978"
                    BASELINE="945 1470 1575 1475" 
                    HPOS="943.0"
                    VPOS="1431.0"
                    WIDTH="632.0"
                    HEIGHT="67.0">
            <Shape><Polygon POINTS="945 1470 943 1483 953 1493 953 1495 955 1495 956 1495 958 1495 960 1495 985 1485 1018 1495 1020 1495 1021 1495 1023 1495 1055 1483 1085 1495 1086 1495 1088 1495 1151 1483 1163 1495 1163 1496 1165 1496 1166 1496 1168 1496 1378 1486 1403 1498 1405 1498 1406 1498 1468 1486 1573 1486 1575 1475 1573 1433 1505 1445 1458 1433 1451 1433 1450 1433 1411 1435 1285 1441 1280 1436 1275 1433 1275 1431 1273 1431 1271 1431 1270 1431 1268 1431 1250 1436 1230 1443 1216 1436 1211 1435 1210 1435 1208 1435 1151 1438 1093 1441 1085 1440 1061 1431 1060 1431 1058 1431 1056 1431 1041 1440 1035 1443 995 1443 991 1440 981 1431 980 1431 978 1431 976 1431 975 1431 945 1440 945 1470"/></Shape>
	    <String CONTENT="q̃ aqui dira Sy fuere en desẜuiçio del"
                    HPOS="943.0"
                    VPOS="1431.0"
                    WIDTH="632.0"
                    HEIGHT="67.0"></String>
          </TextLine>

          
          
          <TextLine ID="line_43"
                    TAGREFS="LT4978"
                    BASELINE="941 1530 1563 1536" 
                    HPOS="940.0"
                    VPOS="1486.0"
                    WIDTH="623.0"
                    HEIGHT="72.0">
            <Shape><Polygon POINTS="941 1530 940 1541 973 1553 975 1553 976 1553 1021 1543 1031 1551 1031 1553 1033 1553 1035 1553 1096 1555 1098 1555 1211 1543 1213 1543 1215 1543 1291 1553 1293 1553 1373 1546 1385 1556 1386 1556 1388 1556 1390 1556 1456 1546 1468 1556 1468 1558 1470 1558 1471 1558 1473 1558 1561 1545 1563 1536 1563 1505 1525 1491 1523 1491 1521 1491 1478 1501 1470 1503 1460 1501 1405 1490 1403 1490 1336 1498 1301 1501 1296 1496 1290 1491 1290 1490 1288 1490 1286 1490 1285 1490 1208 1493 1096 1500 1073 1490 1065 1486 1063 1486 1061 1486 1060 1486 1050 1490 1015 1498 941 1486 941 1530"/></Shape>
	    <String CONTENT="Rey ose partiere del ode algũo de sus"
                    HPOS="940.0"
                    VPOS="1486.0"
                    WIDTH="623.0"
                    HEIGHT="72.0"></String>
          </TextLine>

          
          
          <TextLine ID="line_44"
                    TAGREFS="LT4978"
                    BASELINE="948 1595 1556 1605" 
                    HPOS="946.0"
                    VPOS="1548.0"
                    WIDTH="610.0"
                    HEIGHT="73.0">
            <Shape><Polygon POINTS="948 1595 946 1610 1123 1605 1143 1611 1153 1615 1155 1615 1156 1615 1190 1611 1235 1606 1306 1611 1421 1618 1423 1618 1425 1618 1450 1610 1451 1610 1465 1621 1466 1621 1468 1621 1470 1621 1471 1621 1498 1611 1530 1621 1531 1621 1533 1621 1535 1621 1555 1610 1556 1605 1556 1560 1523 1555 1521 1555 1520 1555 1518 1555 1513 1560 1498 1573 1456 1573 1430 1560 1416 1553 1415 1553 1413 1553 1411 1553 1410 1553 1401 1560 1390 1566 1371 1560 1350 1551 1348 1551 1346 1551 1345 1551 1320 1560 1303 1565 1298 1560 1290 1553 1290 1551 1288 1551 1286 1551 1248 1550 1246 1550 1245 1550 1243 1550 1243 1551 1233 1560 1226 1566 1208 1560 1183 1550 1181 1550 1180 1550 1178 1550 1156 1560 1145 1566 1070 1566 1058 1560 1046 1553 1045 1553 1043 1553 1041 1553 1040 1553 1033 1560 1030 1563 1026 1560 1016 1553 1015 1553 1013 1553 1011 1553 1010 1553 1008 1553 998 1560 993 1563 988 1560 970 1548 968 1548 966 1548 965 1548 963 1548 961 1548 948 1556 948 1595"/></Shape>
	    <String CONTENT="fijos sy nõ enla manͬa q̃ dicha es q̃"
                    HPOS="946.0"
                    VPOS="1548.0"
                    WIDTH="610.0"
                    HEIGHT="73.0"></String>
          </TextLine>

          
          
          <TextLine ID="line_45"
                    TAGREFS="LT4978"
                    BASELINE="946 1650 1556 1665" 
                    HPOS="945.0"
                    VPOS="1606.0"
                    WIDTH="611.0"
                    HEIGHT="74.0">
            <Shape><Polygon POINTS="946 1650 945 1665 1055 1663 1121 1670 1181 1675 1183 1675 1185 1675 1196 1670 1205 1666 1213 1670 1228 1676 1230 1676 1231 1676 1315 1671 1348 1670 1358 1671 1388 1680 1390 1680 1391 1680 1555 1673 1556 1665 1556 1630 1538 1618 1536 1618 1535 1618 1533 1618 1531 1618 1490 1631 1476 1620 1476 1618 1475 1618 1473 1618 1471 1618 1470 1618 1440 1630 1415 1630 1396 1630 1355 1613 1353 1613 1351 1613 1283 1615 1281 1615 1280 1615 1280 1616 1270 1625 1246 1625 1166 1625 1166 1623 1158 1616 1158 1615 1156 1615 1155 1615 1153 1615 1121 1621 1108 1610 1108 1608 1106 1608 1105 1608 1103 1608 1101 1608 1080 1615 1070 1606 1068 1606 1066 1606 1065 1606 1063 1606 1061 1606 1046 1616 1018 1606 1016 1606 1015 1606 1013 1606 988 1618 946 1618 946 1650"/></Shape>
	    <String CONTENT="pierda la banda ⁊ q̃ nũca la pueda aũ"
                    HPOS="945.0"
                    VPOS="1606.0"
                    WIDTH="611.0"
                    HEIGHT="74.0"></String>
          </TextLine>

          
          
          <TextLine ID="line_46"
                    TAGREFS="LT4978"
                    BASELINE="933 1710 1565 1723" 
                    HPOS="931.0"
                    VPOS="1673.0"
                    WIDTH="634.0"
                    HEIGHT="62.0">
            <Shape><Polygon POINTS="933 1710 931 1730 1561 1735 1565 1723 1565 1696 1406 1678 1405 1678 1345 1685 1270 1676 1268 1676 1266 1676 1265 1676 1265 1678 1255 1688 1251 1690 1186 1690 1180 1685 1155 1673 1153 1673 1151 1673 1096 1683 1085 1685 933 1680 933 1710"/></Shape>
	    <String CONTENT="nĩ nigũo delos caualłos dela banda nõ"
                    HPOS="931.0"
                    VPOS="1673.0"
                    WIDTH="634.0"
                    HEIGHT="62.0"></String>
          </TextLine>

          
          
          <TextLine ID="line_47"
                    TAGREFS="LT4978"
                    BASELINE="938 1771 1558 1785" 
                    HPOS="936.0"
                    VPOS="1733.0"
                    WIDTH="622.0"
                    HEIGHT="70.0">
            <Shape><Polygon POINTS="1453 1776 1446 1755 1438 1755 1438 1753 1428 1745 1428 1743 1426 1743 1425 1743 1423 1743 1383 1751 1370 1741 1368 1741 1366 1741 1365 1741 1265 1750 1260 1750 1258 1750 1225 1738 1223 1738 1221 1738 1121 1746 1095 1735 1093 1735 1091 1735 1018 1745 1016 1745 1015 1745 951 1733 950 1733 948 1733 946 1733 938 1738 938 1771 936 1788 1170 1788 1173 1791 1178 1795 1178 1796 1180 1796 1181 1796 1248 1798 1250 1798 1365 1793 1393 1791 1395 1793 1398 1798 1400 1798 1400 1800 1401 1800 1403 1800 1405 1800 1478 1795 1486 1801 1486 1803 1488 1803 1490 1803 1491 1803 1556 1793 1558 1785 1558 1756 1460 1755 1453 1776"/></Shape>
	    <String CONTENT="sea tenudo de pedir merçed al Rey por"
                    HPOS="936.0"
                    VPOS="1733.0"
                    WIDTH="622.0"
                    HEIGHT="70.0"></String>
          </TextLine>

          
          
          <TextLine ID="line_48"
                    TAGREFS="LT4978"
                    BASELINE="940 1833 1561 1845" 
                    HPOS="938.0"
                    VPOS="1790.0"
                    WIDTH="623.0"
                    HEIGHT="76.0">
            <Shape><Polygon POINTS="938 1843 1028 1860 1030 1860 1098 1851 1113 1861 1115 1861 1116 1861 1118 1861 1200 1850 1230 1863 1231 1863 1295 1865 1296 1865 1298 1865 1300 1865 1300 1863 1313 1853 1346 1861 1348 1861 1350 1861 1470 1855 1496 1866 1498 1866 1500 1866 1560 1855 1561 1845 1560 1815 1425 1813 1421 1810 1406 1798 1405 1798 1403 1798 1401 1798 1400 1798 1370 1808 1365 1810 1356 1808 1296 1795 1241 1795 1240 1795 1238 1795 1236 1795 1236 1796 1226 1805 1223 1808 1211 1805 1196 1800 1195 1800 1193 1800 1156 1803 1126 1805 1113 1801 1080 1791 1078 1791 1076 1791 1075 1791 1056 1800 1046 1805 1036 1800 1018 1790 1016 1790 970 1790 968 1790 966 1790 965 1790 965 1791 958 1796 951 1803 943 1796 940 1833 938 1843"/></Shape>
	    <String CONTENT="el q̃ glã torne Et sy ayudare aotro"
                    HPOS="938.0"
                    VPOS="1790.0"
                    WIDTH="623.0"
                    HEIGHT="76.0"></String>
          </TextLine>

          
          
          <TextLine ID="line_49"
                    TAGREFS="LT4978"
                    BASELINE="941 1900 1565 1896" 
                    HPOS="940.0"
                    VPOS="1853.0"
                    WIDTH="625.0"
                    HEIGHT="65.0">
            <Shape><Polygon POINTS="941 1900 941 1908 1241 1918 1243 1918 1365 1916 1366 1916 1368 1916 1378 1908 1540 1916 1541 1916 1543 1916 1565 1905 1565 1896 1563 1866 1530 1853 1528 1853 1526 1853 1525 1853 1503 1865 1496 1868 1276 1861 1210 1860 1208 1860 1206 1860 1205 1860 1196 1865 1191 1860 1186 1856 1186 1855 1185 1855 1183 1855 1138 1855 1136 1855 1135 1855 1133 1855 1133 1856 1130 1858 1121 1866 1096 1861 1095 1861 1093 1861 1091 1861 1091 1863 1085 1868 1068 1858 1065 1855 1063 1855 1061 1855 1060 1855 940 1855 941 1900"/></Shape>
	    <String CONTENT="q̃ nõ sea dela banda contra otro caualło"
                    HPOS="940.0"
                    VPOS="1853.0"
                    WIDTH="625.0"
                    HEIGHT="65.0"></String>
          </TextLine>

          
          
          <TextLine ID="line_50"
                    TAGREFS="LT4978"
                    BASELINE="945 1955 1575 1958" 
                    HPOS="943.0"
                    VPOS="1913.0"
                    WIDTH="632.0"
                    HEIGHT="67.0">
            <Shape><Polygon POINTS="945 1955 943 1965 1041 1976 1043 1976 1203 1968 1260 1978 1261 1980 1348 1980 1348 1978 1350 1978 1351 1978 1351 1976 1358 1970 1376 1978 1378 1978 1380 1978 1425 1970 1548 1978 1550 1978 1551 1978 1573 1968 1575 1958 1573 1928 1433 1915 1431 1915 1430 1915 1401 1926 1393 1930 1176 1930 1170 1926 1136 1913 1135 1913 1133 1913 1131 1913 1130 1913 1108 1926 1086 1915 1085 1915 1083 1915 1081 1915 1055 1926 1048 1928 1041 1926 998 1913 996 1913 995 1913 945 1925 945 1955"/></Shape>
	    <String CONTENT="dela banda saluo con padre o con hr̃mano"
                    HPOS="943.0"
                    VPOS="1913.0"
                    WIDTH="632.0"
                    HEIGHT="67.0"></String>
          </TextLine>

          
          
          <TextLine ID="line_51"
                    TAGREFS="LT4978"
                    BASELINE="948 2008 1586 2020" 
                    HPOS="946.0"
                    VPOS="1963.0"
                    WIDTH="640.0"
                    HEIGHT="77.0">
            <Shape><Polygon POINTS="948 2008 946 2023 950 2026 951 2026 951 2028 953 2028 955 2028 956 2028 1035 2020 1048 2030 1048 2031 1050 2031 1051 2031 1053 2031 1128 2021 1165 2033 1166 2033 1168 2033 1170 2033 1190 2023 1220 2035 1221 2035 1223 2035 1288 2025 1310 2036 1311 2036 1313 2036 1385 2026 1540 2040 1541 2040 1543 2040 1585 2028 1586 2020 1586 1990 1421 1970 1383 1970 1381 1970 1380 1970 1378 1970 1378 1971 1363 1985 1361 1985 1263 1971 1261 1971 1120 1980 1105 1966 1105 1965 1103 1965 1101 1965 1100 1965 1056 1971 1048 1965 1048 1963 1046 1963 1045 1963 1043 1963 948 1976 948 2008"/></Shape>
	    <String CONTENT="com̃o dicho es. q̃ nõ traya la banda por"
                    HPOS="946.0"
                    VPOS="1963.0"
                    WIDTH="640.0"
                    HEIGHT="77.0"
                    WC="0.9651555555555555"></String>
          </TextLine>

          
          
          <TextLine ID="line_52"
                    TAGREFS="LT4978"
                    BASELINE="950 2075 1581 2078" 
                    HPOS="948.0"
                    VPOS="2031.0"
                    WIDTH="633.0"
                    HEIGHT="75.0">
            <Shape><Polygon POINTS="950 2075 948 2086 981 2105 983 2105 985 2106 1053 2106 1053 2105 1055 2105 1098 2088 1113 2103 1113 2105 1115 2105 1116 2105 1118 2105 1176 2093 1248 2105 1250 2105 1251 2105 1278 2090 1291 2101 1293 2101 1295 2101 1296 2101 1298 2101 1325 2093 1345 2106 1346 2106 1348 2106 1350 2106 1351 2106 1353 2106 1368 2093 1400 2100 1401 2100 1491 2090 1528 2106 1530 2106 1531 2106 1533 2106 1535 2106 1535 2105 1551 2090 1580 2090 1581 2078 1581 2048 1556 2033 1555 2033 1553 2033 1551 2033 1550 2033 1495 2048 1433 2035 1431 2035 1430 2035 1428 2035 1411 2045 1380 2036 1378 2036 1376 2036 1375 2036 1373 2036 1373 2038 1361 2048 1361 2050 1280 2050 1278 2048 1261 2035 1260 2035 1258 2035 1256 2035 1200 2046 1185 2033 1185 2031 1183 2031 1181 2031 1180 2031 1098 2040 1000 2031 998 2031 996 2031 950 2045 950 2075"/></Shape>
	    <String CONTENT="tres años Pero sy en ayudando aeste"
                    HPOS="948.0"
                    VPOS="2031.0"
                    WIDTH="633.0"
                    HEIGHT="75.0"></String>
          </TextLine>

          
          
          <TextLine ID="line_53"
                    TAGREFS="LT4978"
                    BASELINE="953 2131 1603 2135" 
                    HPOS="951.0"
                    VPOS="2095.0"
                    WIDTH="652.0"
                    HEIGHT="66.0">
            <Shape><Polygon POINTS="953 2131 951 2145 970 2155 971 2155 973 2155 1036 2148 1048 2158 1048 2160 1050 2160 1051 2160 1053 2161 1123 2161 1123 2160 1125 2160 1126 2160 1148 2146 1181 2158 1183 2158 1388 2161 1390 2161 1601 2146 1603 2135 1603 2105 1588 2096 1586 2096 1585 2096 1583 2096 1581 2096 1558 2108 1488 2108 1455 2096 1453 2096 1451 2096 1450 2096 1448 2096 1436 2106 1400 2096 1398 2096 1396 2096 1395 2096 1393 2096 1393 2098 1383 2108 1358 2108 1306 2108 1305 2106 1283 2095 1281 2095 1280 2095 1278 2095 1253 2106 1223 2106 1213 2096 1213 2095 1211 2095 1210 2095 1208 2095 1000 2105 966 2095 965 2095 963 2095 961 2095 960 2095 953 2100 953 2131"/></Shape>
	    <String CONTENT="q̃ nõ fuese dela banda acaesçiese mueͬte"
                    HPOS="951.0"
                    VPOS="2095.0"
                    WIDTH="652.0"
                    HEIGHT="66.0"></String>
          </TextLine>

          
          
          <TextLine ID="line_54"
                    TAGREFS="LT4978"
                    BASELINE="943 2196 1585 2196" 
                    HPOS="943.0"
                    VPOS="2155.0"
                    WIDTH="642.0"
                    HEIGHT="63.0">
            <Shape><Polygon POINTS="943 2196 943 2206 973 2218 975 2218 976 2218 1038 2208 1043 2208 1048 2208 1136 2218 1138 2218 1233 2210 1263 2208 1268 2210 1280 2218 1281 2218 1283 2218 1285 2218 1328 2211 1338 2210 1350 2211 1386 2218 1388 2218 1443 2213 1486 2208 1583 2213 1585 2196 1585 2171 1506 2155 1505 2155 1355 2170 1325 2156 1323 2156 1321 2156 1320 2156 1318 2156 1301 2168 1270 2155 1268 2155 1266 2155 1265 2155 1263 2155 1263 2156 1251 2166 1233 2156 1231 2156 1230 2156 1160 2168 1095 2155 1093 2155 1091 2155 1090 2155 1090 2156 1075 2171 1053 2171 970 2155 968 2155 966 2155 965 2155 943 2168 943 2196"/></Shape>
	    <String CONTENT="olision al otro dela banda q̃ por la mu"
                    HPOS="943.0"
                    VPOS="2155.0"
                    WIDTH="642.0"
                    HEIGHT="63.0"></String>
          </TextLine>

          
          
          <TextLine ID="line_55"
                    TAGREFS="LT4978"
                    BASELINE="948 2253 1583 2250" 
                    HPOS="946.0"
                    VPOS="2211.0"
                    WIDTH="637.0"
                    HEIGHT="72.0">
            <Shape><Polygon POINTS="948 2253 948 2273 1050 2283 1051 2283 1053 2283 1055 2283 1070 2273 1073 2270 1076 2271 1083 2278 1085 2278 1086 2278 1088 2278 1090 2278 1105 2271 1106 2271 1113 2271 1193 2283 1195 2283 1196 2283 1198 2283 1216 2270 1220 2270 1306 2266 1311 2270 1335 2281 1336 2281 1338 2283 1376 2283 1376 2281 1466 2266 1475 2266 1478 2266 1525 2281 1526 2281 1528 2281 1530 2281 1531 2281 1531 2280 1545 2266 1581 2265 1583 2250 1580 2220 1446 2211 1445 2211 1443 2211 1441 2211 1428 2221 1423 2225 1403 2221 1341 2211 1340 2211 1338 2211 1315 2223 1311 2225 1306 2223 1265 2211 1263 2211 1261 2211 1201 2225 1193 2226 1156 2226 973 2220 971 2220 970 2220 946 2228 948 2253"/></Shape>
	    <String CONTENT="erte q̃ muera por ello Et por la lision"
                    HPOS="946.0"
                    VPOS="2211.0"
                    WIDTH="637.0"
                    HEIGHT="72.0"></String>
          </TextLine>

          
        </TextBlock>
        

        
      </PrintSpace>
    </Page>
  </Layout>
</alto>
