2065 3000
511.0 573.0 595.0 82.0 tal enbargo q̃ entienda el Rey ⁊ los ca

506.0 656.0 617.0 70.0 ualłos dela banda q̃ nõ puede benir Et

501.0 731.0 619.0 72.0 en esta fiesta q̃ sea dicha una misa aon

493.0 803.0 630.0 68.0 rra de sciago ⁊ todos los caualłos dela bã

495.0 880.0 626.0 70.0 da q̃ ofrescan aella Otrosy q̃ den todos

498.0 946.0 632.0 69.0 les caualłos dela banda este dia ꝑa sacar

498.0 1016.0 612.0 65.0 siete catiuos por los siete gozos q̃ oue

498.0 1080.0 622.0 73.0 scã mͣ cõ su fiio por q̃ logren biẽ su ca

498.0 1153.0 628.0 68.0 ualłia Et aeste ayũtamiẽto q̃ sean te

500.0 1225.0 645.0 65.0 nudos de traer sus cauallos ⁊ un arnes

510 1297 635 68 de iusta ⁊ otro de torneo cada uno dellos

506.0 1361.0 605.0 72.0 Et el q̃ nõ lo troyiere q̃lo mande el

508.0 1435.0 622.0 68.0 Rey conprar dela tierra q̃ touiere del

506.0 1505.0 627.0 71.0 ode algũo de sus fiios cuyo uasallo fue

506.0 1575.0 630.0 68.0 ⁊ q̃ gło de para q̃le trayga Et el q̃ nõ

505.0 1643.0 611.0 73.0 ueniere aesta fiesta nõ auiendo por sy

506.0 1716.0 630.0 67.0 el escusa q̃ dicha es sy fuere delos rri

506.0 1786.0 632.0 69.0 cos om̃s q̃l tome el Rey dela tierra del

515.0 1856.0 608.0 74.0 ꝑa sacar qͣtro catiuos Et sy fuere ca

515.0 1933.0 601.0 73.0 ualło oescudero q̃l tome ꝑa sacar dos

516.0 2016.0 125.0 89.0 catiuos

566.0 2165.0 565.0 71.0 nͣdo algũ caualło dela banda fu

598.0 2236.0 537.0 85.0 ere casar ofuere caualło q̃los ca

1223.0 500.0 555.0 83.0 ualłos dela banda q̃ se acaesçierẽ a

1216.0 590.0 595.0 71.0 diez leguas dende q̃ sean tenudos del

1218.0 666.0 593.0 77.0 yr fazer mucha onrra ⁊ mucho ẜuiçio

1218.0 736.0 365.0 75.0 seyendo sabidores dello

1313.0 873.0 507.0 77.0 caesçiendo q̃ algũ caualło dela bã

1311.0 950.0 509.0 73.0 da muriese q̃ todos los otros caua

1228.0 1016.0 595.0 74.0 lłos dela banda q̃ y fuerẽ q̃l fagan mu

1228.0 1083.0 585.0 72.0 cha onrra ⁊ por señal de hr̃mandat q̃

1231.0 1153.0 587.0 68.0 trayan por el diez dias uestido de un

1228.0 1220.0 463.0 70.0 camellin ode otro paño pardo

1305.0 1358.0 523.0 75.0 y acaesciere q̃ dos caualłos dela

1311.0 1425.0 527.0 73.0 banda ouieren palabras de pelear

1233.0 1500.0 577.0 65.0 ⁊ se acaescieren y algũo oalgũos ca

1228.0 1566.0 590.0 69.0 ualłos dela banda q̃ fagã mucho por

1226.0 1631.0 584.0 75.0 partir los ⁊ sy los nõ podierẽ partir q̃

1228.0 1703.0 588.0 68.0 nõ ayuden a nigũo dellos Et los q̃ se

1230.0 1770.0 615.0 80.0 y acaesçieren ⁊ nõ lo fezieren q̃ el Rey

1225 1842 610 85 q̃ls de la pena q̃ merescieren con acor

1225 1915 607 70 damiẽto delos caualłos dela banda O

1231.0 1995.0 600.0 75.0 trosy alos caualłos dela banda q̃ ouie

1228.0 2070.0 595.0 81.0 ren palabras desta guisa q̃ el Rey q̃

1231.0 2146.0 597.0 70.0 glõ estarmiente ⁊ q̃ls de la pena q̃

1233.0 2225.0 607.0 91.0 meresçieren con acordamiẽto delos caua
