2065 3000
503.0 525.0 617.0 76.0 caualło sin el cauallo q̃ aya la meioria

513.0 603.0 605.0 63.0 el caualło q̃ cayo el cauallo con el por

513.0 670.0 593.0 73.0 q̃ pareste q̃ fue la culpa del cauallo ⁊

515.0 740.0 613.0 66.0 nõ del cauallero Et es q̃ cayo sin cayer

513.0 806.0 600.0 67.0 el cauallo con el fue la culpa del caua

515.0 876.0 320.0 67.0 lło ⁊ nõ del cauallo

611.0 1001.0 505.0 82.0 trosy nigũa delas uaras q̃bradas

612 1077 508 63 nõ sean iudgadas por q̃bradas . q̃

526.0 1143.0 604.0 77.0 brantandolas atrauesadas saluo q̃brantan

528.0 1218.0 243.0 75.0 dolas de golpe

616.0 1343.0 509.0 88.0 trosy sy en estas qͣtro benidas q̃

617 1425 515 65 braren dos dos baras osendas ofe

537 1485 608 92 zieren golpes eguales q̃ iudguen alos

541.0 1558.0 595.0 82.0 caualłos por eguales Et sy en estas

545.0 1630.0 591.0 81.0 qͣtro benidas nõ se podieren dar q̃ iud

548.0 1700.0 562.0 86.0 guen q̃ nõ ouierõ bũe acaesçamiẽto

635.0 1825.0 495.0 88.0 trosy sy cayere la lança aalgũo

638.0 1905.0 478.0 68.0 yendo por la carrera ante delos

521.0 1966.0 614.0 84.0 golpes q̃ el otro caualło q̃ alçe la ba

538.0 2040.0 613.0 88.0 ra ⁊ nõ le de ca nõ serie caualłia ferir

541.0 2113.0 317.0 78.0 al q̃ nõ lieua lança

1260.0 516.0 575.0 87.0 Et ꝑa iudgar todo esto q̃ aya y dos

1248.0 591.0 565.0 77.0 fiels̃ ⁊ estas preguntando a caualłos

1250.0 661.0 568.0 67.0 ⁊ aescuderos ⁊ aduenãs ⁊ a donzellas

1251.0 725.0 590.0 70.0 acaesçiendo se y ⁊ conlo q̃ ellos bieron

1253.0 796.0 590.0 69.0 ⁊ conlo q̃ estos les dixierẽ q̃ iudguẽ

1255.0 870.0 471.0 63.0 estas cosas segũt q̃ aqͥ dize

1335.0 990.0 500.0 80.0 trosy despũs q̃las iustas fueren

1335.0 1066.0 503.0 74.0 pasadas q̃los fiels̃ q̃ se y açer

1262 1132 580 80 tarẽ q̃ preguten a caualłos ⁊ a escude

1258.0 1208.0 578.0 60.0 ros ⁊ a dueñas ⁊ a donzellas acaesçiẽ

1255 1280 587 57 do se y delas q̃lo meior podieron uer

1255.0 1336.0 578.0 65.0 ⁊ q̃ con acuerdo dellos el q̃ fallaren

1257 1397 583 80 delos dela tabla q̃ ouo la meioria de

1255 1472 580 75 la iusta q̃l den los caualłos del auen

1257 1530 575 87 tura una ioya en gualardon et eso

1257 1605 573 87 misino auno delos del auentura el q̃

1256.0 1678.0 560.0 78.0 fallaren q̃ ouo la meioria q̃l den los

1253.0 1745.0 527.0 86.0 dela tabla otra ioya en gualardon
