2070 3000
235.0 491.0 586.0 80.0 sin manteles saluo sy fuere letuario ofru

230.0 578.0 588.0 53.0 ta oandando acaça oen mester de gue

228.0 645.0 585.0 71.0 rra Otrosy q̃ se guarden de nõ com̃r

231.0 716.0 580.0 70.0 maniar̃s suzios ca delos bũos ay assaz

228.0 805.0 597.0 56.0 en q̃ se puedan biẽ manteñr Otrosy

230.0 860.0 581.0 66.0 por q̃ ay algũas frutas ⁊ ortalizas

231.0 928.0 605.0 73.0 torpes ⁊ suzias q̃ guarden eso mismo

233.0 995.0 600.0 66.0 de nõ las com̃r Et tan biẽ delos mã

233.0 1068.0 592.0 78.0 iares com̃o delas frutas nõ las qͥsi

233.0 1143.0 595.0 68.0 emos aqui contar por menudo por q̃

231.0 1211.0 590.0 65.0 seriã malas de contar Pero el caua

228.0 1283.0 587.0 63.0 lło dela banda q̃lo qͥsiere bien guar

231.0 1356.0 602.0 64.0 dar menbrandose dela banda biẽ enten

228.0 1426.0 588.0 72.0 dra q̃ es lo q̃ deue escusar de com̃r

226.0 1498.0 309.0 75.0 destas cosas atałs

293.0 1630.0 542.0 80.0 ñl beuer q̃ guarde estas tres co

301.0 1703.0 532.0 63.0 sas la Primͬa q̃ nũca beua en

231.0 1773.0 605.0 70.0 pie saluo si beuiere agua. la segun

231.0 1836.0 612.0 79.0 da q̃ nũca beua uino en cosa de barro

235.0 1905.0 606.0 61.0 nĩ de madero la tercera q̃ qͣndo beui

235.0 1973.0 603.0 73.0 ere uino q̃ por sed q̃ aya q̃ guarde

240.0 2046.0 593.0 84.0 q̃ nõ se santigue coñl uaso o conla

243.0 2115.0 285.0 75.0 taça q̃ beuiere

1036.0 475.0 477.0 83.0 nͣdo el Rey fuere en hueste

1036.0 561.0 522.0 70.0 q̃ todos los caualłos dela banda sus

916.0 630.0 632.0 80.0 basallos q̃ seyan en una qͣdriella ⁊ bayã

923.0 701.0 597.0 72.0 en uno a conbater oaotro logar do el

918.0 795.0 608.0 50.0 Rey mandare saluo los caualłos dela

923.0 846.0 615.0 72.0 banda q̃ son mayordomos de sus fiios

920.0 918.0 611.0 68.0 ⁊ sus basallos q̃ bayan conlos pendoñs

916.0 980.0 619.0 76.0 dellos sy y fuerẽ Et sy y nõ fuerẽ

921.0 1056.0 595.0 69.0 los pendoñs q̃ uayã ellos ⁊ los otros

921.0 1130.0 474.0 76.0 todos en uno segũt dich̃ es

1018.0 1261.0 555.0 84.0 trosy q̃ por la fiesta de çinqͣesina

1021.0 1338.0 512.0 67.0 q̃ todos les caualłos dela banda

921.0 1413.0 652.0 68.0 q̃ sean tenudos de se ayuntar enla corte

918.0 1488.0 630.0 73.0 del Rey ꝑa ordenar iustas o torneo sy

918.0 1558.0 630.0 77.0 el ReY ouiere tienpo de bagar ꝑa ello

923.0 1638.0 612.0 67.0 ⁊ para q̃ls leyan el libro dela banda

923.0 1705.0 628.0 73.0 Otrosy ꝑa q̃ el con ellos sepa qͣles son

923.0 1768.0 653.0 70.0 los q̃ guardan meior los ordenamiẽtos

925.0 1846.0 623.0 57.0 dela orden dela banda por q̃lo gradesca

925.0 1910.0 653.0 71.0 alos q̃lo fezieren biẽ ⁊ de pena alos q̃lo

926.0 1980.0 637.0 60.0 nõ fezieren bien con acordamiẽto delos

933.0 2048.0 630.0 67.0 caualłos dela banda segũt q̃ fuere el ye

926.0 2111.0 630.0 60.0 rro Et q̃ nigũo nõ se escuse de benir

931.0 2171.0 632.0 75.0 saluo sy estodiere doliente oferido otal
