2061 3000
610.0 765.0 483.0 106.0 ste libro fizo el noble Rey

620 857 445 85 don alfonso fiio del muy

491.0 936.0 574.0 80.0 noble Rey don fernando ⁊ dela

450 1005 635 95 Reyna doña costança ⁊ es dela.

486.0 1078.0 584.0 77.0 orden dela banda en que cuen

490.0 1150.0 593.0 83.0 ta las cosas que deuen auer en

485 1210 585 100 sy los caualleros dela banda ⁊

491.0 1290.0 594.0 90.0 delas cosas que se deuen guar

493.0 1368.0 594.0 87.0 dar ⁊ puso en esta orden todos

491.0 1443.0 599.0 73.0 los meiores caualłos ⁊ escuderos

496.0 1510.0 599.0 83.0 mãçebos de su señorio que entẽ

495.0 1583.0 590.0 87.0 dio q̃ ꝯ̃plian para esto Et aũ

506.0 1646.0 586.0 89.0 algũos de fuera de su senõrio q̃

505.0 1715.0 595.0 105.0 entendio q̃lo meresçian ⁊ conpli

1160.0 780.0 637.0 95.0 an para ello Et la entençion por q̃

1175.0 861.0 614.0 85.0 lo mouio afazer este libro desta

1177.0 931.0 622.0 92.0 orden adelante lo oyredes enel.

1175.0 1005.0 610.0 83.0 prologo deste libro mas conplida

1180.0 1076.0 602.0 79.0 miente Et fizose el año q̃ se el

1173 1142 615 85 corono ⁊ q̃ fueron fechas las caua

1185.0 1218.0 619.0 77.0 lłias en buͬgos delos Ricos om̃s

1185 1285 620 92 ⁊ infançones ⁊ caualłos q̃ se y.

1183 1355 625 87 fezieron Et andaua la era en

1190 1417 638 183 mĩll ⁊  trezientos ⁊ sesenta ⁊ och̃

1200 1482 163 148 años
