4157 3000
445.0 375.0 1531.0 113.0 tĩppo E esta era boç del cielo por q̃ las u̾dades uienẽ del cielo ⁊ en usu de ser ap̾ndidas

432 450 1571 100 de hõms de los maestros q̃lo tieñe della E fizierõ le saber las u̾dades de los sabios a

440 510 1563 115 ionatã q̃ no esplana sse los otros libros q̃ nõbran. q̃ ta. bim. ca abonda lo glosa q̃ es en

436.0 585.0 1547.0 101.0 ellos qͥere dezir enł libro de daniel q̃ es dellos en lo q̃ dize del descobͥmiẽto del ti

435 637 1570 123 empo de la uenida del xͦ q̃ dize q̃ auia asẜ cͤca de la fin delas ssetẽta semanas al qͣl

432 707 1568 123 t̃mino era passado entõçe E fuera les alos om̃s desse tĩppo de ionãta mayor escandali

430 775 1565 117 za miento silos sabios las fiziessen glosa mas paladina desta q̃ as pareçida ⁊ adezir el

472 845 1511 117 xͦ segund dize en la ꝓfeçia de daniel son qͣtro çientos ⁊ nouenta años E començãro el co

440 912 1530 103 mienço de la cautiuidat de ioachĩ q̃ fue al comienço del regno de nabuco donosor ⁊

887 975 973 70 q̃ esto fue al comienço de la cautiuidat de tedochias

435 980 1535 125 despues qͣnto ueynte años se començarõ los qͣtro çiento ⁊ treynta años q̃ nõbro el ꝓ

440 1052 1545 105 feta ezecħiel del desgastamiento de los peccados E fallasse q̃ comẽço el ꝑdonamiẽto

442 1120 1566 102 en la era de qͣtroçientos. ⁊ çincuenta años del regͦ de nabuco donosor ca estonçe uino

435 1185 1588 105 el spu̾ sço̾ enel uientre de su madre del xͦ q̃ fue el dador del ꝑdon ⁊ fincarõ qͣrenta años

420 1260 1583 100 de los qͣtroçientos ⁊ nouẽta. E el. xͦ . fue muerto al comiẽço de la semana postrem̾a

426.0 1325.0 1562.0 101.0 segund dixo el uiesso q̃ depues de las ssessenta ⁊ dos semañas q̃ fuerõ depues de las

425 1382 1583 103 siete pͥm̾as ẜa tajado el xͦ fincarõ los años del ꝑdonador treynta y tres años E tãtos

425.0 1450.0 1561.0 113.0 fuerõ los años de iħu nazarino desde la ora de ssu cõçebimiẽto segund lo tienẽ los

427 1520 1571 115 xͥanos. E finco la su justiçia ꝑa siempre.ia. mas alos justos segund dixo el uiesso. por

425 1580 1563 130 el. Para adezir justiçia de sieglos ⁊ tirosse de los malos q̃ nol reçibiẽro los q̃ lla

427 1657 1578 103 ma el uiesso ẽ coñoncimĩeto ⁊ cõpaña de entonc̃ miẽtos ca se tiro ala fin dela sema

420 1720 1598 102 na postrem̾a de las setẽta al cabo de uiesꝑa y mã de dos miłł ⁊ trezientos desde la ora

415 1772 1575 118 q̃ el enemigo se engendeçio sobrel pͥnçipe de la gente q̃ esto fue desde la ora q̃ fue el

420 1845 1608 115 xͦ p̾so ꝑal matar la nocħ dante la uiesꝑa de su pascuada los judios fasta la uiesꝑa del

410 1905 1613 117 dezeno dia del meł. ab. del cabo de la sem̃ana postrem̾a q̃ entõçe fue q̃mado el tẽplo ⁊

415 1985 1605 107 cayẽro en esta cautiuidat en q̃ agora son ⁊ fue paçificada ⁊ coñoçida qͣl era la santidat

420 2037 1575 125 q̃ fue de los q̃ no cayerõ enͤsta cautiuidat y esto fue otrossi al cabo de tĩppo ⁊ tĩppos ⁊

422 2105 1563 110 medio tiẽppo y de miłł ⁊ dozientos ⁊ nouenta dias desde la ora q̃ fue tollido el sa

392 2170 1608 115 cͥfiçio de cada dia ala meitat de la postrem̾a semana E assi dize enł libro eliahu

415 2240 1588 115 raba q̃lo q̃ dixo el uiesso tĩppo dizelo por un año ⁊ lo q̃ dixo tĩppos dize lo por dos a

420 2307 1573 125 nõs ⟦⁊ lo q̃ dixo tĩppos dizelo por dos años⟧ ⁊ lo q̃ dixo medio tĩppo dize lo por medio

420 2380 1575 115 año q̃ sson entre todos tres años ⁊ medio E esto es la media semana postrem̾a de q̃

415 2440 1590 142 dixo el uiesso q̃ ala media semana toldra el sacͥfiçio ⁊ la ostia E assi lo dixo sant

410.0 2555.0 810.0 98.0 dize q̃ tp̃o ⁊ tpõs es tr̃s años ⁊ medio

410 2650 990 122 la ꝓfeccia de daniel o las semanas cõ su declaraçion

272 817 190 53 E esto es

265 850 197 70 q̃ las se y

263.0 906.0 188.0 55.0 tãta sema

265 945 210 52 nas q̃ fue

257 975 145 55 rõ setẽ

268.0 1023.0 118.0 53.0 çiados

260 1057 187 70 sobrellos

260 1107 182 73 ꝑa desgast

251.0 1166.0 170.0 50.0 ar los pe

250.0 1205.0 123.0 58.0 ccados

1135 285 110 92 11

2120.0 406.0 1595.0 114.0 iuan en el apoccalipissi q̃ esto ẜia qͣrenta ⁊ dos meses q̃ montã tres años ⁊ medio es assi

2113 477 1601 110 dize enł libro midrastillĩ q̃ dixo rabi yohanã q̃ tres años ⁊ medio estido dios en me

2118 550 1611 90 nte oliuete cõbidando ⁊ diziendo req̃rit adios mientre q̃ uos es fallado llamallde miẽ

2116.0 611.0 1580.0 97.0 tra q̃ uos es ç̃ca no y ellos no catãro por el com̃o dixo dios q̃rellandosse de llos fu re

2116.0 670.0 1589.0 110.0 q̃rido alos q̃ no me pidierõ ⁊ fuy fallado alos q̃ no me buscarõ. Des q̃ uio dios q̃ no q̃

2116.0 740.0 1604.0 106.0 rian tornar dixo y re y tornare ami logar E por esto dize el uiesso q̃ assi com̃o llam̃o. ⁊ no

2116.0 813.0 1595.0 98.0 escucharõ assi llamar̃a ⁊ no los escucħare dize dño sabaot⁊ t̃bular los. he. mas q̃ todas las

2113.0 881.0 1587.0 99.0 gentes fasta aqͥ es la palaura ⁊ dize esto por q̃ entonçe fuer̃o assolados y desechados en

2113.0 938.0 1605.0 112.0 esta cautiuidat de titꝰ en q̃ agora son E los rasccos q̃ nombrã el uno cadma q̃ tienẽ enł

2115.0 1016.0 1576.0 99.0 uierbo compaña de encona miẽtos y el otro q̃ nombrã tͬaha q̃ tienẽ enł uierbo encona

2123 1077 1581 115 miẽto mostra esta glosa de q̃ son sinestos en la palaura y q̃ el uierbo assolado es p̃dicado

2115.0 1150.0 1585.0 113.0 ꝑa mostrar q̃ es dicħ por los peccadores en conamiẽto ⁊ cõpaña de enconamietos q̃ en

2111 1210 1608 112 tõçe auĩa assy assolados y desechados y aũ el sabio rabi mosse maestͬo de gir̃oda espla

2111 1272 1623 108 no assi estos uiessos qͣl era p̾djgado ⁊ qͣl era suiepto com̃o qͥer q̃ nolos leuo a esta

2113.0 1346.0 1630.0 105.0 enteñçio. E estos rasccos q̃ dixiemos fuer̃o de los destuͥos q̃ cõpuso etra en los uiessos

2111.0 1411.0 1620.0 107.0 y esto les era muy duro alos judios de lo oyr t̃a paladino E por esto fue de fen

2106 1475 1628 105 dido ionãta de gelo esplanar mas de lo q̃ ello esta Ca esta esplanado el tĩppo de la ue

2111 1527 1613 120 nida del xͦ ⁊ la cautiuidat de los malos q̃l nõ reçibiẽro segund cuẽto gruesso ⁊ seg̃ud

2106 1600 1610 112 nõ tã gruesso ⁊ segund delgado ⁊ mas delgado por c̾tificar bĩe al cũeto ca fue cõtado se

2111 1645 1608 135 gund semanas. De siete años cada semana ⁊ segund media semana ⁊ segund años de

2118 1725 1611 112 tres. medio segund dias. milł. ⁊ dozientos ⁊ nouẽta ⁊ segund aras de uiesꝑa ⁊ rã se

2116 1792 1608 115 gund los años q̃ el xͦ auia abeuir Com̃o ya dixiemos ⁊ los om̃s entendidos. se deuẽ

2118 1845 1603 120 mucħ marauillar destos cuẽtos com̃o natudẽ todos tã çiertos E otrossi dize enel libro q̃

2118 1912 1606 115 a nõbre entre los judios. babameçiha. Que el profeta elias era fallado en la escuela

2116 1982 1603 120 de rabenu. haccados. E q̃ una mañana tardosse ⁊ uino tarde ⁊ dixola en q̃ tardastas dixo

2120.0 2051.0 1601.0 109.0 le en q̃  leuãte a abraã ⁊ lauo sus manos ⁊ fizo oraçĩo ⁊ adormeçil a fize tal a ysaas

2116 2110 1603 127 ⁊ assi ajacob dixole leũatassedes los atodos en uno. dixole auia miedo q̃. fariẽ fue

2116 2167 1608 128 ertes oraçiõns ⁊ fariã uenir al xͦ nõ nõ en ssu tippo̾ Dixole ⁊ si es en este mundo qͥẽ

2118 2235 1606 132 los semeia en esto dixole si es ca ssõ rabi hia ⁊ sus fijos luego ecħ rabeno haccados

2126 2302 1598 135 ayuno al aliama ⁊ puso por cantores a aq̃llos rabi hia ⁊ sus fiios qͣndo dixo q̃ dios

2128 2367 1603 135 ecħa uientos luego fizo uĩeto qͣndol dixo q̃ faze caer lluuia luego uino lluuia qͣn

2133 2440 1603 140 do llego adezir q̃ resuçitara los muertos com̃o tempesta al mũdo Dixierõ enel çielo

2173.0 2591.0 370.0 92.0 q̃ estido dios en mõte

2146 2652 407 93 sinay tr̃s años ⁊ medio

3096 2547 558 120 q̃ elias es fallado en la es

3066 2625 513 105 cuela de rrabeno ha cados
