4147 3000
433.0 376.0 1562.0 95.0 Ca non qͥeren ssus manos ffazer todo el dia desseo de Ysseo. ⁊ el iusto da ⁊ non dexa

445.0 453.0 1535.0 85.0 ⁊ dize otro uiesso el q̃ affloxa enssu obra ħmano es del confondedor. mayor mientre

437 515 1538 97 enestas cosas ssotiłs ⁊ marauillosas q̃ nõ a la lengua poder de las dezir segund q̃ ell

450.0 618.0 1548.0 62.0 as son. ca sson en otͦ grado mas alto q̃ el suyo ⁊ en otro mundo fuera del ssuyo de mas

451.0 658.0 1550.0 88.0 por el grand peligro q̃ a en esplanar las al comun dela gente q̃ nõ son usados enłłas ma

441.0 725.0 1577.0 95.0 yor miẽnt enlos locos ⁊ soberuios q̃ nõ las qͥeren. Ca a estos fazer los a daño el estu

437 790 1563 97 diar enłłas nõ auiendo estudiado enssus premissas. Q las el om̃e bono q̃ su entencion

430 852 1573 98 fue alo de dios el qͣl ꝑa el conpuse este libro el le catara com̃o se deue catar ⁊ fallara

440 920 1543 105 ꝓuecho en nonbrar las rrubͥcas de los capitulos ⁊ de sus pedaços. E es mester de dar

456.0 993.0 1569.0 92.0 Auantaia a este ꝓuecho ⁊ nõ catar a q̃l daño Asi com̃o es bono q̃ more enla uilla

441.0 1058.0 1557.0 93.0 algun fisico q̃las mas uegadas guarezca las dolientes maguer q̃ algunas uega

447 1122 1551 95 das sea causa por algun asçidente afazer enfermar a algunos dela uilla omorir

442 1190 1546 85 Assi es bono q̃ sea fallado en el mundo si qͥer un om̃e q̃ tome zelo por la onrra

442 1255 1538 87 de dios ⁊ por q̃ tuelga el demueste ⁊ repoyo ffuerte q̃los iudios po̾ne ala ffe delos

452 1322 1558 98 xͥanos. ⁊ q̃l tuelga otrosi aq̃l daño q̃ dixiemos q̃ los nesçios perezosos podian rresce

442 1392 1566 90 bir E aun qͥta ẜa esta rrazon ꝑa saluaçion de las rremasaias de los iudios todos o al

418.0 1471.0 1588.0 75.0 gunos dłłos. ⁊ sobre esto me a soffri en conponer este libro desta gͥsa mag̃ra q̃ nõ so

415.0 1538.0 1585.0 80.0 gͥsado para tanto ⁊ en nonbrar las sus rrubͥcas q̃ son ⟦nueue⟧ capitulos ⁊ sus pera

420.0 1605.0 866.0 73.0 grafos q̃ sson dozientos ⁊ ochenta ⁊ quatro

417 1660 1583 92 ¶ El capitulo pͥmero es ꝑa nonbrar quałs son los libros ⁊ las pͤmisas donde de

445.0 1740.0 1555.0 78.0 uemos tomar prueuas entodo el libro ⁊ en qͣl manera ⁊ por do tomaremos la prueua

445.0 1796.0 130.0 55.0 donde

440.0 1853.0 1440.0 90.0 ¶ El capitło segundo es ꝑa ꝓuar q̃ auia aser ley nueua ala uenida del xp̃o

440.0 1923.0 1536.0 97.0 ¶ El capitulo terçero es ꝑa esplanar quałs auian aser las rrazones de aq̃lla ley

453.0 1995.0 662.0 78.0 nueua ⁊ qual fue la causa ꝑa ella

428.0 2050.0 1563.0 105.0 ¶ El capitło qͣrto es alas rrazones de las contradisidor̃s alo q̃ nos dezimos q̃ el xp̃o a

441.0 2128.0 1545.0 85.0 uia a uenir ⁊ amore ꝑa ꝑdonar el peccado de adan. E com̃o sera el q̃brantamiento de

441.0 2181.0 464.0 80.0 a q̃llas sus rrazones dellos

438.0 2250.0 1542.0 88.0 ¶ El capitło qͥnto enlas rrazoñs delos contradizientes alo q̃ nos dezimos delas ꝑsso

443.0 2316.0 1542.0 90.0 nas dela tͥnidat endios ⁊ su enuestimiento enla humanidat del xp̃o departe de la ꝑsona

448.0 2380.0 1070.0 81.0 del fiio ⁊ como ẜa el q̃brantamiento de sus rrazones dłłos

426.0 2445.0 1549.0 93.0 ¶ El capitło sesto en las rrazones de los contradizientes alo q̃ nos dezimos en

418.0 2521.0 1572.0 102.0 general del  enuestimiento dela diuinidat enla humanidat del xp̃o ⁊ com̃o q̃branta

2116.0 393.0 577.0 87.0 remos nos las ssus rrazones dellos

2103.0 450.0 1527.0 96.0 ¶ El capitło sseptimo es ꝑa ꝓuar q̃la esꝑança q̃los iudios an ala uenida de xp̃o en tp̃o

2125.0 515.0 1525.0 93.0 señalado es falssa esꝑança mas q̃ iħu nazareno ffue el xp̃o q̃ uino segund los tp̃os seña

2123.0 601.0 1462.0 74.0 lados q̃  ffueron dichos ꝑa la uenida del xp̃o enlos libros delos ꝓpħas ⁊ delos sabios.

2110.0 641.0 1545.0 107.0 ¶ El capitło otauo es enlas rrazoñs q̃los iudios rrazonã diziendo q̃ aun nõ es uenido el

2123.0 721.0 1545.0 89.0 xp̃o por rrãzo q̃ dizen q̃los xͥanos son la gente de edom ⁊ esau la qͣl gente auia a auer

2131 777 1510 103 q̃branto ⁊ caymiento ant̃ dła uenida del xp̃o ⁊ com̃o q̃brantaremos nos las sus rrazones

2138 865 123 72 dłłos

2126.0 908.0 1537.0 102.0 ¶ El capitło noueno es para ꝓuar q̃la esꝑança q̃los iudios an ꝑa uenida del xp̃o enqͣl

2136 975 1510 105 qͥer t̃po q̃ sea nõ terminado m̃ taiado es otrossi esꝑanca falssa ⁊ q̃ por esso son sali

2138.0 1060.0 528.0 76.0 dos los iudios debuelta de isrrł

2121.0 1115.0 1555.0 101.0 ¶ El capitło dezeno es ꝑa ꝓuar q̃los xͥanos segund sus costunbres ⁊ los mandamientos

2136 1182 1543 80 q̃ tienen puestos en ssu ley son conuenibles aser llamados los santos de isrrł ⁊ q̃los iudi

2131 1242 1553 88 os segund sus costunbres ⁊ sus mandamientos q̃ tiene puestos ensu ley del talmud no

2138 1307 1556 93 son conuenibles ꝑa ser debuelta de isrrł. ⁊ com̃o q̃brantaremos todas las rrazoñs q̃ rrazoña

2140.0 1401.0 176.0 62.0 contra esto

2126 1437 1580 105 ¶ El capitło pͥmero es parado atreynta ⁊ çinco pedaços. El paragra

2146.0 1528.0 1525.0 83.0 fo pͥmero es para nonbrar los libros q̃ son conuinientes en estas disputaçioñs ꝑa ꝓuar.

2146 1597 1553 65 dellos todos por ygual. los xͥanos ⁊ los iudios. ⁊ los libros q̃ son conuinientes para ꝓuar

2153 1642 1536 88 dende los iudios sola miẽnt ⁊ nõ los xͥanos. ⁊ ꝑa nõbrar por qͣntas manͤas prueuan los xͥa

2166 1705 1513 110 nos delos dichos delos sabios iudios q̃ son abtenticos entrellas ¶ El

2168 1790 1518 85 segundo peragrafo es de nonbrar ⟦la⟧ contradicion q̃ dizen q̃ nõ pueden los xͥanos tomar

2166 1860 1503 95 ꝓueua delos dicħs de los sabios del talmud pues q̃ fincarõ iudios ⁊ nõ se tornarõ a

2176 1912 1508 108 la ley delos xͥanos ¶ El terçero peragraffo es ꝑa q̃brantar es

2171 1970 1533 112 ta contradiçion ⁊ ꝓuar q̃ assi auia aser al tp̃o del xp̃o de ser om̃s iudios q̃ entiendiessẽ

2173 2045 1501 105 la uerdat ⁊ q̃ nõ la conpliessen en fecho.⁊ q̃ sabĩ la uoluntad ⁊ la cosa son dos cosas

2163 2120 1546 85 deparadas.fͦ.49.a. ¶ El qͣrto peragraffo es de com̃o enfuerca el

2181 2172 1518 98 rrebelle su contradiçion por q̃ ffincaron los sabios del talmud iudios. ⁊ q̃ esto fue por

2188 2235 1501 95 rrazon q̃ nõ otorgauan la ffe delos xͥanos del todo fͦ. 49. b. ¶ El qͥnto pe

2185.0 2308.0 1525.0 82.0 ragraffo es para q̃brantar esta contradiçion ⁊ nonbrar doze cosas q̃ rretienẽ al om̃e desa

2193 2365 1511 92 lir de su ley en q̃ huso a otͣ ley estraña maguera q̃ mosse por bon entendimiento q̃lo

2201 2430 1518 107 deuia fazer fͦ.49.6.¶ El sesto peragraffo es ꝑa ⟦dezir q̃  esto⟧ nonbrar una

2208 2507 1481 98 dubda sobre lo q̃ nos dezimos q̃ alas uegadas pone dios sñia sobre los om̃s para q̃ nõ
