4157 3000
447 320 1563 87 las almas ⁊ assi dize en ssu oraciõ con ellos yo .y. el salua agora E com̃o dizẽ los sabios de

415 375 1625 107 la cabala q̃ yo ⁊ el ⁊ ta conçiẽrra toda la diuinidat  esse ya alongue fablar en esto enł libro mostra

415 445 1620 102 dor de justiçia E esta es la fe delos xͥanos en las tres ꝑssonas de dios no com̃o lo cuydo

420 510 1615 100 rabenu çahadias ⁊ los otros judios y erradores q̃ sson tenidos por sabios entrellos en q̃ crey

417 580 1628 95 dan q̃los xͥanos creemos ⟦creemos⟧ q̃ dioses tres cuerppos ⁊ q̃la ꝑssona del fijo de dios na

425 635 1625 110 çio qͣndo naçio jħu nazareno no q̃ era ante esto no lo qͥera dios ca los xͥanos dan testimo

430 697 1625 130 njo enel simbolo de qͥtum q̃ uult̃ q̃ todas las tr̃s ꝑssonas son infinidas no es mayor launa

427 772 1598 100 q̃la otra ni ante la una q̃la otra eterno patͬ eternꝰ filiꝰ eternꝰ spu̾s sç̃s E dizẽ toda

430 840 1593 92 uia głia patͬ ⁊ filio ⁊ sp̾u y sço̾ sicut erat in pͥnçipio ⁊ nũc ⁊ semꝑ ⁊ inscła scłorum am̃e

425 910 1598 92 E  escͥuio sant agustin q̃ la diuinidat q̃ es sustançialidat del xͦ en todo logar es E cierto es

430 970 1593 112 q̃ nõ podͥan ẜ tres ꝑssonas cuerpos en todo logar E escͥuio mas sant agustĩ q̃ señal de las

427 1042 1596 105 tres ꝑssonas de dios es ⟦coñoçida⟧ encada uno de los c̾ados y esto an qͣnto es una cosa

435 1110 1588 105 ⁊ en qͣnto es en alguna speçia y en qͣnto a algũ ordenamiento qͥere dezir q̃ en qͣnto es

427 1177 1596 98 Ia cosa en alguna espeçia uniuerssal semeja ala ꝑssona del padre y con qͣnto es uno in

422 1242 1601 110 diuiduo en mim̾o q̃ naçe de la espeçia uniu̾ssal semeja ala ꝑssona del fiio ⁊ por ꝑte

430 1307 1598 90 del ordenamĩento en ser ante de otro despues del osobrł o sso el ⁊ assi las otras relaçiones

427 1380 1608 100 q̃ sson de uno a otro Semeia ala ꝑssona del spu̾ sço̾ q̃ es com̃o relaçĩo del padre ⁊ del fijo

420 1445 1615 92 donde fue el tĩpo ⁊ el mouimiẽto ꝑa q̃ no sean las cosas todas en uno ⁊ meccladas com̃o lo

432 1515 1603 80 son en la mat̾ia pͥm̾a E qͥ çabe q̃ ꝑa depues del dia del juyzio ⁊ desꝑer las retͥbuçiones

432 1585 1603 92 ꝑa otro tĩppo dixo rabi mosse el egipçiano el aunamiẽto de todas las almas depues de la

437 1640 1598 105 muerte ⁊ lo q̃los otros judios yerrãro en dezir q̃ tienẽ los xͥanos q̃ qͣndo naçio iħu xͦ q ̃entõ

432 1705 1603 87 çe naçio la ꝑssona del fijo de dios fue por q̃ no entendiẽro la man̾a del arrimamĩeto

435 1767 1600 100 ⁊ com̃o lo escͥuio el sabio auiçena q̃ qͣndo se tollio el cuerpo sobre q̃ esclareçio el sol to

440 1827 1595 90 lliosse la su luz de ssin q̃sse tollio la luz E assi qͣndo esclareçiere sobrel renouarse

440 1892 1595 103 a la su luz de ssin q̃sse renuoue la luz E ya escͥui cõ esto enł libro de la disputaciõ

437 1957 1598 100 publica y en otros libros lo q̃ abonda ꝑa los entendidos en rrazõ de las ꝑssonas de la tͥni

435 2027 1600 110 dat en dios bendicħ Mas es de lo ⁊ q̃ dixiemos q̃ donde sopierõ aq̃llos sabios de ypͧne y

440 2100 1595 102 el sabio rab. de babiloña cõ ellos q̃ aũ auia asẜ o luidada de los judios la ley enel tĩppo de

442 2162 1593 95 sta cautiuidat de creꝰ en q̃ agora son de ssin la oluidança q̃ ouiẽro della enlos tipp̃os passa

445 2230 1590 97 dos E esto sopiẽro delo q̃ ꝓue q̃ entendierõ en aq̃llas malliçiones de ut̾o nomij ⁊ de la ꝓfeçia

440 2300 1595 100 de hamoç q̃ auiã asẜ confirmadas enlos peccadores de isrrael ꝑa siemp̾ jamas E sopiẽro lo

450 2362 1585 110 otrossi de lo q̃les conteçio en essos tĩppos al comũ del pueblo q̃ fue oluidada dellos mag̾a q̃

452 2420 1583 127 auĩa entrellos algunos sabios q̃lo sabĩa E a entendier̃o ellos q̃ no aũan aq̃lla oluidãça

2093.0 273.0 1578.0 118.0 auiendo entrellos om̃s sabios q̃ lo sabian sino por la setençia de aq̃llas malliciones

2813 350 123 45 uiesos

2095.0 350.0 1561.0 111.0 q̃ fuẽro setençiadas sobrellos en aq̃llos ⟦erisinos⟧ dicħs E q̃los entendimientos delos mu

2086 405 1583 115 cħs ⁊ sus oppiniones uençerã adelante alos entendimientos ⁊ las opiniones de los pocos

2086 477 1573 113 ca tal se sigue de la natͣa del mundo assi com̃o agora nõ puedẽ sofrir ensꝰ coracones cre

2088 527 1551 138 er la tͥnidat y el en uestimieto cõ creer la unidat de dios mag̾a q̃ sean entrellos algu

2088 605 1561 117 nos poccos q̃lo saben ⁊ lo entͥendẽ mas q̃ a mester q̃ gło tengã en grant poridat del co

2096.0 671.0 1549.0 120.0 mũ dellos E agora deuemos pescudar por aq̃llos accaeçimientos q̃ les accaeçiẽro en aq̃

2091 737 1533 113 ssos tĩppos donde ouiẽro a entender aq̃llos sabios lo q̃les deuia conteçer adelante alco

2098 807 1546 123 mũ de llos en oluidar la ley E esto es com̃o lo q̃ es escͥpto enel libro megilla q̃ ochenta

2088 865 1581 132 discipulos auia hilel el uieio los treynta de llos erã cõuinient̃s q̃ posasse sobrellos al spu̾

2101.0 938.0 1542.0 128.0 sç̃o como poso sobre moysen E los otros treynta erã cõuinientes q̃ sse ꝑasasse el sol por

2098.0 1010.0 1547.0 125.0 ellos en medio del çielo com̃o se paro por iosue los ueinte erã comunales El mayor de to

2098 1065 1561 127 dos ellos era ionat̃a ben huziel y el menor de todos ellos era raban. yo haña ben zaccay ⁊ cͣ E

2098 1142 1561 123 dixierõ mas q̃la glosa delas ꝓfeçias q̃ tienẽ enla lengua caldea ionat̃a ben huziel la di

2103 1210 1551 130 xo de bocca de los dos sabios grandes. samaya y abtalĩo. q̃ lo tomar̃o de los ꝓfetas ⁊ rea.⁊

2105.0 1278.0 1548.0 123.0 zaccaria ⁊ malacħĩ E estͬemeçiosse toda la tĩrra de isrrael qͣutro çientas leguas en luẽgo

2106.0 1345.0 1584.0 125.0 ⁊ otras tãtas en ancħ E salio boz del çielo diziendo qͥen es este qͥ descubͥo mis poridades alos

2101 1410 1583 115 om̃s leuãtosse ionat̃a ben huziel sobre sus pies ⁊ dixo yo sso qͥ descubͥ tus poridads̃ bien sabes

2106 1472 1565 118 tu q̃ nolo fiz por mi onrra nj̃ por onrra de mi linaie mas por la tu onrra lo fiz q̃ no sean

2111 1542 1560 130 muchas contradiçiones en isrrael q̃ so glosar en la lengua callea los otros libros de la br

3466 1587 105 45 el tp̃o de

2108 1605 1591 127 ulia q̃ nõbran q̃ tu bin salio voz del çielo diziendo asbondate por q̃ es en ellos laueni

2123.0 1668.0 1568.0 132.0 da del xͦ fasta aqͥ es la palaura E çierto es q̃ no cõuiene anĩgũ om̃e entendido entender

2121 1717 1598 140 q̃ esto fue assi com̃o pareçe de su estoria llana q̃ sse estremeçiesse toda la tĩrra por lo q̃ escri

2123.0 1803.0 1573.0 108.0 uiesse algũ om̃e en ssu casa lo q̃ sse pagasse ⁊ q̃ saliesse boç del çielo por ende diziendo pa

2118 1857 1596 123 lauras ordenadas tales y tales com̃o las diria otro om̃e su copaño Sino q̃los sabios toma

2125.0 1930.0 1588.0 123.0 uã las man̾as de los ꝓfetas en dezir palauras mateforicas ⁊ yꝑboliccas sobre todo la q̃ q̃riã q̃ fu

2126 2000 1588 125 es poridat encubierta del comũ del pueblo y q̃lo entendiessen los om̃s entendidos sola ment los

2133 2047 1601 143 q̃ sabẽ coñoçer y deꝑtir entre la u̾dat ala mentira y entre lo possibile alo impossibile E assi aq̃l

2135.0 2125.0 1591.0 126.0 estremeçimiẽto fue remouimiẽto y escandalizamiẽto en los coraçones del comũ ⟦del comũ⟧ de los

2136 2192 1568 125 om̃s de toda la tĩrra de içrael la q̃ tenia segund dizẽ qͣtro çientas leguas en luẽgo ⁊ otras

2138.0 2266.0 1568.0 125.0 tãtas en ancħo por lo q̃ descubͥo ionãta en aq̃lla glosa algunas opiniones y  entẽdimiẽtotos

2145.0 2331.0 1568.0 122.0 estraños ⁊ alõgados mucħ de los suyos dellos. E los sabios u̾daderos no pudiẽ dezir q̃ er̃a opi

2156.0 2403.0 1570.0 125.0 niones mintrosas sino q̃ erã u̾dad̾as cõuinĩet̃s ꝑa ser encubiertas de aq̃llos pueblos en aq̃l

2198.0 2545.0 415.0 96.0 q̃ tałs erã los diçipłos

2205.0 2608.0 961.0 95.0 de hilel el uiejos qñtos erã ⁊ declaraçiõ dela venjda xͦ
