1024 1566
275 165 683 60 exp̾mi a aq̃l̃l̃s la dita sua conclusio uerta-

277 212 651 51 dera No resmẽys be sabs tu que moltes

281 257 649 50 coses creu hom que no pot ueure Uer es

281 295 663 55 digui yo Mas nols tench ꝑ sauis aq̃l̃l̃s qͥn

278 339 642 54 usen ço q̃ ueig crech edel pꝯ no cur

274 377 670 55 Digues respos ell abans que uengͧesses

272 423 660 47 en lo mon que eres Ço que sere apres

277 458 684 53 la mort digui yo ¶E que seras no res dõchs

280 501 648 53 no res eras abans q̃ fosses engendrat

275 542 656 56 Axi ho crech digui yo ¶Eꝑ que ho creꝯ

271 579 670 56 ꝑ ço que cascun iorn ueig que la dona

274 621 661 53 ꝑ lo auistament del hom se fa p̾nys he

280 667 693 48 dabans non era Eap̾s ꝑreix alguna cria-

280 701 649 54 tura la qual de no esser ueaesser / ¶hoc

284 744 650 47 mas dix ell ço que tu has uist en altres

283 783 668 49 nou has uist en tu mateix/ Pero digues

284 821 669 58 me sit recorda q̃ eres abans q̃ fosses en

282 867 657 51 gendrat Ami digui yo nõ recorda /ne

287 908 663 49 son cert que era / car nou uiu Mas be

284 946 652 51 crech q̃ no era res Car hom son axi cõ

286 986 656 56 los altres / ecoue que seguescha lurs

284 1032 665 53 petiades / Donchs dix ell tu creꝯ ço que

287 1073 655 50 no has uist ¶Uer es Senyor q̃ algunes

281 1115 652 66 coses crech que no he uistes Eꝑ ço q̃ he
