1024 1566
261 172 663 53 Loch/o/ e quant es cor rumput lo subiech

271 216 662 51 q̃ es qujs apaga / edequj auant nol veu

269 254 659 51 hom Molt est enganat dix ell appar

268 295 657 51 que no fasses differentia entre espirit

265 334 655 58 eespirit Non hi fasses alguna diguj yo

263 379 654 53 totes les coses animades veig morir

267 420 670 51 en vna manera No es ver que en vna

269 460 678 50 manera muyren dix ell Car de tres ma-

265 497 655 56 neras de esꝑits vidals ha creat nr̃e.Sᵒʳ.

267 541 687 50 deu ¶Vns que enla creatio del mon hague

266 582 680 47 en començament dell eno son cuberts de

267 619 660 51 carn/ eaquests son angels altres quj.

274 658 671 54 han pͥncipi del creador eson cuberts de

269 701 659 49 carn / mas no moren ab aq̃l̃l̃a /eaq̃s̃ts

274 742 647 53 son homens altres qui son cuberts de

269 786 664 50 carn/ enexen emoren ab aq̃l̃l̃a / eaq̃sts

273 827 690 52 son anjmals bruts ¶Lome es estat creat

269 869 684 57 en lo mig ꝑ ço que fos pus baix dels an-

271 914 679 49 gels epꝯ alt que les bistias Eque agues

268 949 668 54 alguna cosa comuna ab lo subira he ab

267 993 675 56 lo jusa ço es saber jnmortalitat ab angels

260 1037 677 50 e mortalitat dela carn ab les bisties tro

269 1079 698 49 que la resurectio reparas la jnmortalitat

270 1117 664 73 ¶Jaꝯ he dit Senyor que totes les coses
