2155 3000
298.0 318.0 1457.0 108.0 affan de librar.¶ Ca si siempre estuuiesse el entendi

295 415 1455 125 miẽto traballando en cuydar nõ lo podria soffrir /⁊ en flaq̃z

295.0 518.0 1441.0 110.0 tria/ ⁊ podria uenir atoruarse. ¶ Et por esta Razon los

296.0 615.0 1444.0 90.0 Reyes ⁊ los gands̃ senyors̃. cataron maneras de au̾ folgu

300.0 705.0 1440.0 93.0 ra en caças/ ⁊ en otras maneras. en q̃ tomauã plazer pora

293.0 790.0 1448.0 105.0 dar folgura al entendimiẽto por las Razoñs q̃ dicho aue

288.0 896.0 1445.0 99.0 mos. Et por q̃ nos tenemos q̃ entre todas las caças que

291.0 988.0 1444.0 105.0 pueden seer q̃la caça delos venados q̃ es la mas noble

291.0 1083.0 1449.0 103.0 ⁊ la mayor/ ⁊ la mas alta. ⁊ la mas caualleriosa ⁊ de ma

295.0 1176.0 1425.0 107.0 yor plazer./ mandamos fazer este libro de todo lo q̃ ꝑte

293.0 1276.0 1440.0 112.0 nesçe a ella. ¶ Et la pͥmera razon por q̃ es mas noble. es

287 1367 1448 118 por q̃ toda cosa q̃ viene por naturaleza aq̃lla fallarõ los sa

287 1457 1433 120 uios q̃ deue mas durar q̃las q̃ vienẽ por p̃mja. Et es

287 1545 1438 122 çierto q̃la bondat q̃ fazen los sabuesos en andar cõlos ve

287 1642 1440 123 nados q̃lo fazen por talante de naturaleza q̃les dio dios

287 1740 1438 125 aq̃l omeziello cõ ellos.⁊ nõ por fambre nĩ por otra premja

282 1842 1433 115 q̃les den por q̃lo ayan de fazer./ Ca si qͥere ꝓuado es

282 1937 1440 118 q̃ dando al can ante q̃ entre enel monte medio pan me

282 2027 1440 130 jor andara cõ el venado q̃ si no ouiesse comido nada. Et

287 2137 1415 130 avn ay otra ꝓeua en esta razon. q̃ ay muchos canes q̃

295.0 2251.0 1410.0 100.0 andaran muy biẽ cõ el venado. ⁊ despues q̃ es muerto

295.0 2346.0 1425.0 124.0 nõ qͥere comer dell. Otrosi los alanos es çierta cosa que

928 113 62 127 ij
