2155 3000
398.0 303.0 1005.0 117.0 Capitulo.xxxuiii. q̃ fabla de quals̃

335 387 1050 130 fechuras deuẽ seer los alanos. otͦsi las

320.0 503.0 1068.0 110.0 alanas.⁊ quals̃ son las mas lindas colors̃

383.0 620.0 1030.0 108.0 Capitulo .xxxix. q̃ fabla delas ꝓeuas

320 705 1130 110 delos canes qũado son peq̃nuelos.ꝑa sabr̃

323.0 803.0 1103.0 105.0 quals̃ serã meior̃s.⁊ si ende qerẽ dar acri

316.0 900.0 1117.0 90.0 ar aotras perras q̃ nõ sean sus madres.

325.0 993.0 1120.0 95.0 como farã por q̃los amen. Et si ls̃ mẽgua

303.0 1086.0 1293.0 117.0 la leche alas madr̃s como farã como nõ se muerã

302 1155 1283 140 Capitulo .xL. q̃ fabla del ordenamiẽto del

311 1271 1267 94 fuero delos mõteros ⁊ dela libertat ⁊ delos de

311.0 1366.0 700.0 92.0 rechos que deuen auer

830.0 1648.0 913.0 102.0 ste libro mandamos fazer. Nos el Rey

818.0 1736.0 923.0 112.0 don alfonso de Castiella ⁊ de leon q̃

831.0 1833.0 909.0 108.0 fabla en todo lo q̃ ꝑtenesçe alas ma

811.0 1955.0 934.0 88.0 neras dela monteria. Et departese

812 2015 950 132 en tres libros. ¶ El pͥmero fabla del

303.0 2158.0 1425.0 82.0 aguisamiẽto q̃ deue traer todo montero si qͥere sea de ca

305 2212 1415 135 uallo si qͥere sea de pie. ⁊ en q̃ manera deuen pensar. ⁊

280 2317 1450 115 criar sus canes. tan bien de sabuesos como de alanos.⁊
