2145 3000
486.0 291.0 900.0 149.0 Capitulo.xxx. q̃ fabla dłas man̾as

428.0 438.0 692.0 92.0 dela monteria del çieruo

515.0 555.0 1095.0 90.0 Capitulo.xxxi. q̃ fabla como todo motero

413.0 641.0 1207.0 107.0 nõ deue uenjr ala posada sin traer el can que

415.0 718.0 556.0 103.0 soltare o senyal dell

473.0 851.0 1138.0 82.0 C apitło .xxxij. q̃ fabla dela pena q̃ deue

416.0 930.0 1174.0 98.0 hauer qual qͥere mõtero q̃ furtare can dotro

465 1015 1130 105 Capitło.xxxiij. q̃ fabla quals̃ meses del

428.0 1123.0 1158.0 87.0 anyo son mejores para correr tan biẽ en yui

428.0 1211.0 582.0 80.0 erno como en uerano

471.0 1320.0 1117.0 81.0 Capitulo .xxxiiij. q̃ fabla en q̃ manera

425.0 1410.0 1171.0 83.0 se an de desfazer los mõteros de pie contra

400.0 1490.0 1190.0 100.0 fechos q̃ en vn anyo vsan correr mõte ⁊ sabẽ

450.0 1585.0 741.0 116.0 tan poco como el dia pͥmero.

480.0 1680.0 1021.0 101.0 Capitło .xxxv. q̃ fabla en q̃ manera

416.0 1781.0 1134.0 80.0 deuẽ fazer por auer de criar buenos cañs

430.0 1863.0 1111.0 123.0 tan bien de sabuesos como de sabuesas

462 1962 1185 115 Capitło .xxxvi. q̃ fabla en q̃ manera deuẽ

422 2060 1190 95 fazer pora criar buenos alanos ⁊ alanas

470 2147 1160 133 Capitło .xxxvij. q̃ fabla de quals̃ fechu

420 2245 1190 170 ras deuẽ seyer los sabuesos.⁊ las sabuesas

421.0 2355.0 975.0 118.0 ⁊ quals̃ son las mas lindas colores.
