2122 3000
415 300 1421 132 delas fechuras q̃ deuen auer para seer mas lindos. ¶ Otͦ

415 443 1456 77 si delas cosas q̃ acaescẽ de cada dia enel mõte ⁊ pueden a

411 510 1434 95 caesçer ⁊ q̃ es lo q̃ fagã en cada una dellas. ⁊ del ordena

415 600 1425 93 miẽto del fuero delos derechos delos mõteros./ Por que

411 686 1432 92 toda caça q̃ hõme toma plazer. cõuiene q̃ sepa la Rayz de

403 768 1427 100 lla. ⁊ el uso della pora saber la meior./ por q̃ mas pla

400 863 1440 92 zer aura hõme/ ⁊ menos yerro se fara en ella. entẽdien

408 951 1435 107 dola bien q̃ nõ la entendiendo. ¶ El segundo libro fa

411 1051 1445 102 bla dela fisica delos canes. Et este deꝑtesse en dos ꝑtes

471 1138 1382 103 la una como los deuẽ curar delas feridas ⁊ delas cre

405 1245 1451 101 bantaduras q̃les acaesçierẽ andando enel menester del

412 1330 1432 130 mõte ¶ Et la otra de como los deuen melezinar de to

410 1425 1424 127 das las dolençias q̃les puedẽ acaesçer. ¶ El terçero

408 1533 1448 100 libro fabla delos mõtes de nr̃o senyorio en quales comar

405 1627 1444 105 cas fon. ⁊ quals̃ son buenos de yuierno ⁊ qual̃s de uera

415 1715 1444 130 no. ¶ Et la Razõ por q̃ fiziemos este libro es por q̃ es u̾

412 1815 1454 110 dar q̃los sabios antiguos q̃ fablaron en todas las cosas na

413 1910 1432 96 turalmẽt fallarõ q̃ una delas cosas por q̃los Reyes ⁊ los

415 2020 1440 98 pͥncipes ⁊ los grands̃ senyores podrian mas beuir ⁊ auer

415 2116 1451 85 los entendimiẽtos mas claros era por catar algunas ma

415 2213 1436 108 neras de plazer en q̃ ouiessen espaçio ⁊ folgura al entẽdi

418 2318 1432 113 miento./ Et con esto podriã meior soffrir el cuydado ⁊ el
