2133 3000
423.0 323.0 1436.0 117.0 nõ tomã por fambre ni por premia. saluo por naturaleza

418.0 421.0 1434.0 105.0 derecha q̃les dio dios. ⁊ ardideza de coraçõ sobre todas

415 505 1445 105 las animalias. Et aun los muy lindos dellos cõ lealtat. no

420 600 1440 110 tan solamẽt tomara el alano lindo qual qͥere uenado aq̃l

431.0 710.0 1445.0 90.0 pongan/ mas sil mandare tomar aquell aqͥ conosciere a

426.0 776.0 1446.0 132.0 un hõme armado tomar lo ha ¶ Et ꝓuado fue muchas

425.0 886.0 1446.0 104.0 uezes q̃ muchos alanos ayudarõ alos q̃los cͥauã cõtra sus

421.0 985.0 1455.0 100.0 enemigos. ⁊ se deffendierõ dellos por ayuda de alanos.

500.0 1085.0 1371.0 96.0 Et es uerdat q̃ tan biẽ de sabuesos como de alanos. q̃ si

406.0 1176.0 1463.0 107.0 nõ fuese por q̃les faria mal el grant afan sobrel comer. q̃

430 1267 1445 115 toda cosa q̃ a ellos ꝑtenefçe de fazer farian meior depu

430.0 1378.0 1442.0 97.0 es q̃ son goũnados q̃ ante. ⁊ assi se ꝓeua q̃ todo lo q̃ fazẽ en

428.0 1466.0 1438.0 107.0 su oficio q̃lo fazẽ por naturaleza de omeziello q̃ puso dios

433.0 1558.0 1431.0 97.0 entre ellos ⁊ los uenados. ⁊ por bondat de coraçon.⁊ non

435.0 1660.0 1426.0 110.0 por fambre nĩ por otra p̃mia nĩguna ¶Ca çierta cosa es ⁊

430.0 1753.0 1446.0 98.0 nõ lo podemos negar q̃ toda la bondat q̃ fazen las aues ensꝯ

430.0 1845.0 1461.0 106.0 caças q̃lo fazen cõ premia de enmagreçer las ⁊ de muy̾ grãt

420.0 1938.0 1457.0 103.0 fambre/ ⁊ de darls̃ malas manyanas ⁊ trabaiando mucho

430.0 2036.0 1439.0 104.0 cõ ellas. Et aun cõ todo esto fazẽ algũas dellas muy gran

433.0 2143.0 1431.0 113.0 des maldads̃. por de buẽos plumages q̃ sean. Et por esta

436.0 2250.0 1440.0 98.0 Raz̃o dezimos. lo pͥmero por q̃lo ordeno dios segũt natura

440.0 2341.0 1427.0 117.0 como dicho auemos. Et lo otro por q̃ de buena Razõ mas
