4292 3000
561.0 436.0 1454.0 97.0 patares es Rio que se mezcla por una salida aun que de diuersas fuentes ala mar/ conge

558.0 528.0 1463.0 58.0 rro eñl seno de carçine en sçithia Ipanjs es Rio de sçithia ⁊ sale dela laguna de gadi en

555.0 570.0 1476.0 51.0 tre las auchetas / la qual los morador̃s della llaman madre ⁊ es pͥnçipe delos Rios sçitas

556.0 615.0 1467.0 58.0 el qͣl prolongada mente qͣul nasçe corre ⁊ despũs çerca los calipidas los quͣles çerca mezcla

556.0 668.0 1474.0 50.0 se ael una fuente pequenã la qͣl se dize exanpheus/ el qͣl en tanto lo toma amargo q̃ paresca

558.0 713.0 1462.0 50.0 cosa maraujllosa com̃o fasta aya seydo muy duçe /⁊ assi amargo segund algunos dizen

558.0 758.0 1467.0 57.0 uasse enla mar ⁊ segun otros es resçebido dellago llamado abusesagore nõ luenẽ de meoti

560.0 803.0 1468.0 48.0 de ⁊ este es señalado por el termjno de alexandre de maçedonia/ ca moro ende segun atestigu

560.0 850.0 1460.0 50.0 an las aras puestas entre las Riberas de aqͣl por el dicho alexandre Otrossi nasçen de aq̃l

561.0 895.0 1472.0 53.0 unas anjmalias poco mayor̃s q̃ moscas q̃ tienen qͣutro pies ⁊ alas q̃ assaz parezcan anjmali

563.0 941.0 1473.0 54.0 as de quͣtro pies ⁊ aues/ la uida delos qͣłs acabasse sola mẽte en un dia. ca de manãna son nj

561.0 993.0 1467.0 47.0 ños ⁊ infantes ⁊ a medio dia mãçebos ⁊ enla tarde ujejos ⁊ fallesçen por uegez assi com̃o

560.0 1028.0 1475.0 58.0 dizen ẜ assaz prouado las qͣłs anjmalias los q̃ ende moran llaman ỹmeridioñs Iparis

558.0 1076.0 1457.0 55.0 es Rio el qual llaman jectarim del qual el agua es uestida de cameriujs Ipatos es Rio

563.0 1121.0 1463.0 55.0 de sirja al qͣl el castillo llamado ipatos ⁊ las çibdades llamadas ex silentia ⁊ beritos son çerca

563.0 1171.0 1455.0 49.0 uas Iperis es Rio delos persianos ⁊ es nauegable ⁊ fundesse eñl seno medio persico Ipsa

561.0 1213.0 1465.0 50.0 es Rio de españa q̃ corre çerca la çibdat llamada jrecon /el qͣl dizen au̾ seydo agradable aer

563.0 1260.0 1457.0 55.0 coles Ipsos es Rio grande delos colcos ⁊ metesse eñl Rio llamado phasym Iris es Rio

565.0 1303.0 1466.0 50.0 de armenia la menor ⁊ resçibe al Rio llamado litũ Isamruis es Rio de diraochio Isara es

563.0 1346.0 1462.0 52.0 Rio de gallia ⁊ corre eñl Rio rodano çerca de qͥntianũ Isaurus es rio de gallia çissalpina

565.0 1386.0 1458.0 64.0 nõ luenẽ de çesena ⁊ sale eñl Rio adriaco Isepis es Rio de india ⁊ es nauegable ⁊ cae eñl

563.0 1433.0 1453.0 57.0 Rio indo Ismenis es Rio de breçia ⁊ es çercano otro tienpo alos de thebia Ispasus es

563.0 1485.0 1472.0 58.0 rjo de india ⁊ es puesto en tanto eñl solistiçio del estio q̃ es la estança del sol que saliendo

565.0 1523.0 1458.0 62.0 en fyn del signo q̃ se llama geminis en comienço del otro signo llamͣdo cançer resçiba

563.0 1575.0 1467.0 63.0 en sy los rayos llamados perpediculares ⁊ allende deste son las muy anchͣs ⁊ grͣndes so

563.0 1616.0 1472.0 59.0 ledunbr̃s Ister es Rio/ el qual ante fue llamado danubio /el qͣl por este nõbre uenjendo

565.0 1663.0 1460.0 63.0 delas fuentes/ el qual ayna alcanço illirico q̃ es regiõ çerca la mar adriatico /es lamͣ

565.0 1716.0 1460.0 62.0 do ister dexado el nonbr̃ de danubio/ del nasçimiento del qual ⁊ del medio ⁊ dela sallida en

561.0 1753.0 1459.0 65.0 la mar por assaz es dicho de suso onde se tracto de danubio aq̃ nõ pienso q̃ se aya de repli

565.0 1806.0 1455.0 57.0 car/ pero dizen aquellos que creen sallir de danubio una çarça el quͣl se llama ister

568.0 1845.0 1470.0 60.0 ⁊ de aq̃l se nonbre istria / ⁊ por aq̃l au̾ passado enla mar jason eñl naujo uenjendo de colcos

568.0 1893.0 1450.0 52.0 lo qͣl yo pienso ẜ cosa de reyr Iunculos es Rio çerca los basternas nõ luenẽ delos da

565.0 1935.0 1463.0 60.0 cos Iuscula es Rio eñl termino delos sarmatos ⁊ corre enla mar Iadon es Rio de ar

565.0 1988.0 1475.0 50.0 chadia non de comienço traydo mas por un terremoto sacado delas lagunas de panete

573.0 2030.0 1437.0 56.0 Algunos fingen este au̾ seydo padre de dauis el qͣl los otros dizen por uentura de uy

565 2080 848 55 neo /⁊ este abonda de laureles ⁊ perałs

795.0 2153.0 1226.0 82.0 aeros es Rio de espanna çercano ala çibdat llamada lanbriaça Laphi

788.0 2215.0 1235.0 65.0 as es Rio en asia la menor non luenẽ de jullio politis Lamber es Rio de

803.0 2275.0 1258.0 118.0 gallia çissalpina ⁊ corre eñl Rio pado del lago llamado enpili  Lauussus

2223.0 410.0 1432.0 118.0 es Rio de thessalia Languens es rjo delos sçitas çerca los carjastasios ⁊ los anthiandas

2216.0 496.0 1437.0 75.0 ⁊ cahe delos montes catheos ⁊ resçibe el Rio llamado opharũ çerca los catadas ⁊ les opharj

2213.0 531.0 1438.0 89.0 tas Lar es Rio de gallia Lanos es rjo çerca los seres Lanus es rjo allende de danubio

2211.0 583.0 1442.0 78.0 del qual los pueblos llamados lanos son dichos Larissus es Rio de greçia ⁊ aparta el cã

2211.0 623.0 1430.0 80.0 po llamado elui de dimeo Lauesina es Rio de mauritania Laut es rjo de maurjtanja

2210.0 670.0 1426.0 71.0 allende del mõte llamado abilan ⁊ es nauegable ⁊ çercano al castillo llamado tumude

2208.0 701.0 1433.0 80.0 Laratus laxares laxartes /creo q̃ sea esse mesmo Rio çerca los sçithas al quͣl si assi es

2208.0 750.0 1443.0 85.0 los sçithas llamã sçithim ⁊ este fue termjno asemiramide ⁊ cyro ⁊ alex ⁊ dio fyn al camj

2210.0 800.0 1426.0 65.0 no trabaioso ⁊ brauo. ⁊ por los desiertos de sçithia ⁊ enlas regioñs delos surdianos largo

2210.0 833.0 1426.0 82.0 ⁊ ancho por su fuente inclinandose çerca los dacos en septentrjon contͣ los intermardos

2206.0 876.0 1427.0 75.0 ⁊ los pesicados corre al mar postrimero Ledus es Rio de gallia nõ luenne delos estãcos

2206.0 915.0 1430.0 88.0 delas bolcas ⁊ del castillo llamado letara ⁊ del rio Rodano Lenturus es rjo de yuso de archo

2206.0 961.0 1425.0 84.0 enla mas alta cabeça delos montes rjpheos ⁊ medio entrel Rio llamͣdo alanũ ⁊ taneym

2205.0 1000.0 1423.0 95.0 fundesse en meotidem Leta es Rio que corre çerca la çibdat/ llamada angustan Lethes

2205.0 1051.0 1440.0 84.0 es Rio q̃ corre por enfengimjento delos poetas çerca los jnfiernos ⁊ del alma cõujene saber

2205.0 1095.0 1428.0 86.0 delos finados ha de induzir ⁊ traer olujdança del beuer delas cosas passadas /ꝑo segun

2203.0 1140.0 1422.0 80.0 plaze a algunos dexados los enfengimientos/este rjo es en affrica çerca del postrimͣo

2203.0 1181.0 1417.0 87.0 lugar delos sirtes de corruy q̃ son lugares peligrosos enla mar nõ luenẽ dela çibdat

2205.0 1221.0 1420.0 79.0 de cronica ⁊ los antiguos morador̃s induzidos ⁊ traydos por el dicho enfengimiento pi

2205.0 1263.0 1433.0 88.0 ensan aq̃l sallir delos infiernos enlas trrͣas Letheus es Rio dela isla decreta asi dicho

2206.0 1301.0 1425.0 94.0 segund plaze a algunos que çerca de aq̃l se diga hr̃mjonã de mars ⁊ fija de uenus ẜ oluj

2206.0 1355.0 1432.0 88.0 dada de cadiuo su marjdo Liber es Rio de siria la mas baxa non luenẽ dela çibdat de jopẽ

2240.0 1396.0 1388.0 90.0 Libeus es rjo de asia la menor ⁊ corre entre galaçia ⁊ bithinia Libius es rjo de ma

2203.0 1448.0 1420.0 85.0 urjtania al qͣl otro tienpo erã nõbre fotos o futh dela prouinçia çercana ⁊ adiaçente

2203.0 1495.0 1430.0 85.0 pero fue asi dicho despũs del uno delos fijos de mersan q̃ fue llamado libius Licastͥs

2200.0 1543.0 1431.0 78.0 es Rio de coçia del qͣl la çibdat/ llamada lita fue nõbrada Liçeos es Rio eñl cabo subier

2198.0 1585.0 1418.0 75.0 ta al libano çercalos fenjces nõ luenẽ del castillo el qͣl es nonbr̃  leonthos Licesius

2198.0 1628.0 1433.0 85.0 es Rio de traçia el agua del qͣl segund dizen si alguno beuiere fazese beudo Licus es rjo

2198.0 1670.0 1430.0 80.0 de asia el qͣl de su nasçimiẽto dizese licus ⁊ assi mesmo marsus enlos dictados fagulo

2196.0 1716.0 1425.0 80.0 sas delos grjegos noble. E este se derrama dela cabeça del mõte dela çibdat de çelene

2196.0 1761.0 1420.0 82.0 ⁊ cayendo enla piedra sugecta corre con Ruydo grͣnde de ondas ⁊ bolujendo tanto sus

2198.0 1803.0 1412.0 80.0 ondas Riega deleznãdose los canpos apuestos/ E por q̃ la color de aq̃l es plazible ⁊ se

2196.0 1846.0 1415.0 75.0 mejable ala mar fue fallado lugar al enfengimiento de los poetas/ conujene saber

2196.0 1890.0 1422.0 75.0 ay por amor de aq̃l las aguas traydas assentarse. el qual por q̃ gran tienpo dentro

2195.0 1930.0 1421.0 81.0 delas almenas dela çibdat se delezna /es dicho marsus ⁊ salliendo ⁊ fecho mayor es

2195.0 1973.0 1421.0 87.0 nonbrado litus delos q̃ ende morã al qͣl la odoçia çibdat muy sollemne es çerca pu

2191.0 2015.0 1417.0 95.0 esta ⁊ eraclea ⁊ neopharja ⁊ çesarea ⁊ despũs segun algunos dizen corre enel Rio

2193.0 2056.0 1418.0 92.0 euffraten/ E segun otros dizen destruyda armenia la menor/ cae eñl Rio llamͣdo yrĩ

2195.0 2106.0 1426.0 92.0 /.pero cosa possibile es que sean dos /si uno es/ o uno de dos E es memorable por la ujc

2191.0 2156.0 1412.0 85.0 toria del rey anthioco ⁊ por la muerte de itadis duq̃ ⁊ caudillo delos poetas parcos

2191.0 2195.0 1424.0 88.0 ⁊ non menos porla segunda gliͣa de alexandre maçedo contra los persianos ⁊ por

2191.0 2236.0 1422.0 89.0 la fuyda desonrrosa del rey darjo quando fue peleado çerca de arbelam yrnaĩ entre

2191 2282 1428 123 los de maçedonia ⁊ los persianos Ilicus es Rio de la isla de chipre ⁊ fundese enla

3921.0 115.0 59.0 128.0 39
