1938 3000
482 215 625 125 Esta cantiga fizo el dicho alfonso

480 312 625 63 aluarez por amor ⁊ loores de su es

485 352 627 75 posa la postrimera q̃ ouo q̃ avia nõ

475 400 287 70 bre mayor

405 477 575 98 Mayor gozo/. aventajado

487 547 490 80 mjs amjgos/. tengo yo

477 602 520 73 que non tjene/. el q̃ ꝑdio

477 650 525 77 tal plazer/. qͣl he cobrado

460 722 540 100 Mayor alegria/. estraña

470 800 535 70 tengo agora. entera mẽte

467 847 545 70 que nõ tiene/. otro serujẽte

470 892 532 68 de mj estado/. ẽ toda espanͣ̃

477 937 535 73 ⁊ avn por/. mayor fazaña

465 980 525 77 el amor/. que me cryo

465 1032 517 73 de otra non/. conssentyo

470 1087 530 70 q̃ yo fuese/. enamorado

431.0 1170.0 634.0 86.0 Mayor onrra/. ⁊ mas folgãça

462 1232 605 68 tengo que/. tener solya

468.0 1276.0 596.0 75.0 pues cobre/. nueua alegria

470 1332 507 63 fermosura/. syn errança

470 1380 497 62 esta es mj/. Esparança

471.0 1423.0 588.0 72.0 ⁊ grand bjen/. que djos m̃ djo

467 1470 508 65 tanto que/. me conqujryo

465 1512 532 80 con su gesto/.DelycaDo

450 1585 537 100 Mayor vjçio/. Confirmeza

462 1662 470 68 tengo que/. tenja ante

457 1705 515 70 q̃ viese/. su buen senblãte

455 1750 507 80 desta flor. de gentileza

442 1805 520 70 con loores/. de Nobleza

445 1845 507 77 esta rrosa/. floresscyO

452 1900 503 67 desde el dya/. que nasçio

452 1945 508 72 fasta oy/. con buẽ estado

440 2005 552 107 Mayor mente/. consugesto

450 2087 497 70 ⁊ su bryo/. muy donoso

440 2135 530 67 me faze/. benir pensosso

447 2185 545 72 en plazer/. con todo aq̃sto

442 2230 528 77 su fablar/. gͣçioso ⁊ onesto

437 2275 510 77 el mj coraçon/. vençio

425 2325 577 72 quanto mas/. que conteçio

425 2372 590 105 grand mjraglo/. señalado

1205.0 258.0 479.0 83.0 Mayores/. ya mj desseo

1207 327 485 65 q̃ nõ era/. fasta agora

1210 377 507 65 pũs cobre/. gentyl senõra

1212 427 513 68 con rryqueza ⁊ lỹdo asseo

1210 477 530 65 pues es tal/. su buẽ meneo

1210 517 512 73 desta flor/. que me forço

1210 565 507 75 suyo qujero sser/. E sso

1205 625 520 65 para siempre/. ẽ egual gͣdo

1195 698 642 85 Esta cantyga grande ⁊ bien fecha

1195 756 656 80 fizo ⁊ ordeno el dicho alfoñ aluãrez

1194 808 628 80 asu muger despues que fue casa

1189 865 652 70 do con ella por quanto paresçe por

1195 906 641 75 la dicha cantiga el fue rrepysso del

1200 956 617 77 casamjento ⁊ mas la quesiera te

1200 1003 616 78 ner por comadre que non por

1197 1053 622 78 muger segũd la mala vida que

1194 1096 673 87 ẽ vno aviã porçelos ⁊ vegez ⁊ flaco garͣnõ

1152 1165 573 110 Amjgos tal/. coyta mortal

1185 1252 542 63 nunca pense/. que avrya

1190 1295 512 72 por ser leal/. rresçibo mal

1182 1335 518 75 donde plazer/. atendya

1185 1395 325 65 ya non me cal

1175 1432 317 70 pensar en al

1185 1490 300 65 saluo en senãl

1180 1532 330 70 de om̃e carnal

1184.0 1583.0 525.0 77.0 ⁊ seguir/. por la tryste via

1175 1632 532 70 deste enxenplo/. natural

1185 1677 522 70 amansar deue/. su saña

1180 1727 577 73 qͥen por si/. mesmo se enganã

1170 1815 582 82 yo assy fare/. que amãssare

1160 1872 550 75 La graue/. ssanã mya

1175 1922 572 75 puẽs q̃ falle/. lo que busque

1175 1972 590 78 enla mj /. Postremerya

1172 2015 198 62 padesçere

1175 2062 207 60 yo biẽlose

1167 2097 285 73 mas nũca yre

1172 2155 263 67 contra la fe

1170 2200 570 82 que muy grãd. error seria

1175 2252 542 75 por este enxẽplo/. asy dire

1172.0 2300.0 640.0 80.0 qͥen nõ toma/. el bien q̃l viene

1170 2355 617 127 sufra el/. contraryo que tyene
