<?xml version="1.0" encoding="UTF-8"?>
<alto xmlns:xsi="http://www.w3.org/2001/XMLSchema-instance"
      xmlns="http://www.loc.gov/standards/alto/ns-v4#"
      xsi:schemaLocation="http://www.loc.gov/standards/alto/ns-v4# http://www.loc.gov/standards/alto/v4/alto-4-2.xsd">
  <Description>
    <MeasurementUnit>pixel</MeasurementUnit>
    <sourceImageInformation>
      <fileName>btv1b8452204d-f19.jpg</fileName>
      <fileIdentifier>mets//BnF-Département-des-Manuscrits-Espagnol-37.zip/btv1b8452204d-f19.jpg</fileIdentifier>
    </sourceImageInformation>
  </Description>
  
  <Tags>
    <OtherTag ID="BT13979" LABEL="MainZone" DESCRIPTION="block type MainZone"/><OtherTag ID="BT16583" LABEL="RunningTitleZone" DESCRIPTION="block type RunningTitleZone"/><OtherTag ID="BT16578" LABEL="DropCapitalZone" DESCRIPTION="block type DropCapitalZone"/><OtherTag ID="BT16581" LABEL="NumberingZone" DESCRIPTION="block type NumberingZone"/>
    <OtherTag ID="LT5883" LABEL="DefaultLine" DESCRIPTION="line type DefaultLine"/><OtherTag ID="LT6927" LABEL="HeadingLine" DESCRIPTION="line type HeadingLine"/><OtherTag ID="LT6928" LABEL="InterlinearLine" DESCRIPTION="line type InterlinearLine"/>
  </Tags>
  
  <Layout>
    <Page WIDTH="1924"
          HEIGHT="3000"
          PHYSICAL_IMG_NR="2"
          ID="eSc_dummypage_">
      <PrintSpace HPOS="0"
                  VPOS="0"
                  WIDTH="1924"
                  HEIGHT="3000">
        
        <TextBlock HPOS="115"
                   VPOS="304"
                   WIDTH="679"
                   HEIGHT="2138"
                   ID="block_0"
                   TAGREFS="BT13979">
          <Shape><Polygon POINTS="794 304 794 2442 115 2442 115 304"/></Shape>
          
          
          <TextLine ID="line_0"
                    TAGREFS="LT5883"
                    BASELINE="171 398 740 373" 
                    HPOS="166.0"
                    VPOS="290.0"
                    WIDTH="574.0"
                    HEIGHT="125.0">
            <Shape><Polygon POINTS="171 398 171 415 283 406 296 410 306 413 308 413 310 413 311 413 313 413 320 408 330 403 360 406 396 410 398 410 400 410 421 403 436 398 471 400 546 403 548 403 550 403 583 393 590 391 605 391 698 396 700 396 701 396 740 383 740 373 733 290 576 295 575 295 573 295 570 298 525 336 501 336 428 331 426 331 303 345 255 315 250 311 248 311 246 311 245 311 166 320 171 398"/></Shape>
	    <String CONTENT="ablen poetas/. de aqui adelante"
                    HPOS="166.0"
                    VPOS="290.0"
                    WIDTH="574.0"
                    HEIGHT="125.0"></String>
          </TextLine>

          
          
          <TextLine ID="line_1"
                    TAGREFS="LT5883"
                    BASELINE="148 446 745 423" 
                    HPOS="145.0"
                    VPOS="383.0"
                    WIDTH="600.0"
                    HEIGHT="80.0">
            <Shape><Polygon POINTS="148 446 148 455 218 455 228 463 230 463 231 463 233 463 380 448 395 455 396 455 398 455 400 455 401 455 413 446 441 455 443 455 445 455 578 440 586 440 591 440 700 445 701 445 703 445 745 433 745 423 740 383 145 403 148 446"/></Shape>
	    <String CONTENT="los trobadores/. q̃ estauã callando"
                    HPOS="145.0"
                    VPOS="383.0"
                    WIDTH="600.0"
                    HEIGHT="80.0"></String>
          </TextLine>

          
          
          <TextLine ID="line_2"
                    TAGREFS="LT5883"
                    BASELINE="148 491 735 470" 
                    HPOS="146.0"
                    VPOS="430.0"
                    WIDTH="589.0"
                    HEIGHT="73.0">
            <Shape><Polygon POINTS="595 430 593 430 565 441 518 433 516 433 515 433 513 433 496 445 495 445 483 438 481 438 480 438 478 438 450 446 448 446 446 446 423 436 421 436 420 436 418 436 416 436 416 438 406 448 405 448 366 438 365 438 363 438 236 455 226 455 223 455 186 445 180 446 175 446 146 455 148 491 148 503 733 481 735 470 731 436 596 430 595 430"/></Shape>
	    <String CONTENT="abran sus bocas /. ⁊ cã ten loando"
                    HPOS="146.0"
                    VPOS="430.0"
                    WIDTH="589.0"
                    HEIGHT="73.0"></String>
          </TextLine>

          
          
          <TextLine ID="line_3"
                    TAGREFS="LT5883"
                    BASELINE="146 536 735 515" 
                    HPOS="145.0"
                    VPOS="503.0"
                    WIDTH="590.0"
                    HEIGHT="52.0">
            <Shape><Polygon POINTS="728 508 711 508 695 508 678 508 661 508 645 508 628 508 611 508 595 508 578 508 561 508 545 508 528 508 511 508 495 508 478 508 461 508 445 508 428 508 411 508 395 508 378 508 361 508 345 508 328 508 311 508 295 508 278 508 261 508 245 508 228 508 225 508 220 510 200 508 195 508 193 506 145 503 146 536 146 546 178 555 180 555 181 555 215 545 735 530 735 515 733 508 728 508"/></Shape>
	    <String CONTENT="las altas proezas /. del gẽtil ĩfãte"
                    HPOS="145.0"
                    VPOS="503.0"
                    WIDTH="590.0"
                    HEIGHT="52.0"></String>
          </TextLine>

          
          
          <TextLine ID="line_4"
                    TAGREFS="LT5883"
                    BASELINE="148 583 731 561" 
                    HPOS="145.0"
                    VPOS="523.0"
                    WIDTH="586.0"
                    HEIGHT="83.0">
            <Shape><Polygon POINTS="148 583 151 606 165 598 220 603 231 603 233 603 235 603 236 603 236 601 248 591 273 600 278 601 280 601 281 601 283 601 295 598 335 588 435 591 505 593 506 593 508 593 510 593 518 586 526 581 730 575 731 561 726 523 145 541 148 583"/></Shape>
	    <String CONTENT="⁊ si preguntarẽ/. qujẽ es bastante"
                    HPOS="145.0"
                    VPOS="523.0"
                    WIDTH="586.0"
                    HEIGHT="83.0"></String>
          </TextLine>

          
          
          <TextLine ID="line_5"
                    TAGREFS="LT5883"
                    BASELINE="146 633 758 606" 
                    HPOS="145.0"
                    VPOS="563.0"
                    WIDTH="613.0"
                    HEIGHT="87.0">
            <Shape><Polygon POINTS="146 633 146 650 758 621 758 606 753 563 663 576 575 571 551 571 550 571 548 571 540 575 510 583 463 578 443 576 441 576 440 576 438 576 438 578 435 580 430 586 418 580 413 578 411 578 410 578 408 578 406 578 403 581 395 588 376 583 365 580 363 580 361 580 296 583 295 583 293 583 288 588 280 595 145 595 146 633"/></Shape>
	    <String CONTENT="sepan que es arbol. de grãd maraujllͣ"
                    HPOS="145.0"
                    VPOS="563.0"
                    WIDTH="613.0"
                    HEIGHT="87.0"></String>
          </TextLine>

          
          
          <TextLine ID="line_6"
                    TAGREFS="LT5883"
                    BASELINE="146 678 730 658" 
                    HPOS="145.0"
                    VPOS="623.0"
                    WIDTH="585.0"
                    HEIGHT="68.0">
            <Shape><Polygon POINTS="291 628 290 628 288 628 268 638 251 630 250 630 248 630 246 630 245 630 245 631 243 631 236 640 216 633 215 633 213 633 145 643 146 678 146 691 411 691 411 690 413 690 415 690 420 685 426 680 456 685 475 686 476 686 478 686 485 683 503 676 520 683 530 686 531 686 533 686 535 686 541 683 555 675 563 681 565 685 566 685 568 685 570 685 615 683 616 683 618 683 620 681 636 671 728 678 730 658 726 625 436 623 435 623 433 623 413 633 396 625 395 625 393 625 323 636 293 628 291 628"/></Shape>
	    <String CONTENT="tyo del alto. leon de Castylla"
                    HPOS="145.0"
                    VPOS="623.0"
                    WIDTH="585.0"
                    HEIGHT="68.0"></String>
          </TextLine>

          
          
          <TextLine ID="line_7"
                    TAGREFS="LT5883"
                    BASELINE="146 725 713 706" 
                    HPOS="145.0"
                    VPOS="665.0"
                    WIDTH="568.0"
                    HEIGHT="76.0">
            <Shape><Polygon POINTS="515 666 513 666 443 676 438 676 436 676 423 670 421 670 420 670 418 670 416 670 406 676 398 681 145 681 146 725 146 741 713 718 713 706 708 673 656 673 648 666 648 665 646 665 645 665 643 665 563 675 543 676 538 675 516 666 515 666"/></Shape>
	    <String CONTENT="⁊ dela lynã rreal/. de leuante"
                    HPOS="145.0"
                    VPOS="665.0"
                    WIDTH="568.0"
                    HEIGHT="76.0"></String>
          </TextLine>

          
          
          <TextLine ID="line_8"
                    TAGREFS="LT5883"
                    BASELINE="140 818 751 795" 
                    HPOS="138.0"
                    VPOS="731.0"
                    WIDTH="613.0"
                    HEIGHT="100.0">
            <Shape><Polygon POINTS="188 810 178 773 168 770 166 770 165 770 163 770 138 776 140 818 140 831 751 808 751 795 748 753 718 741 716 741 715 741 713 741 670 758 666 760 543 763 541 763 468 731 466 731 430 731 428 731 426 731 395 746 253 738 251 738 226 740 225 740 223 740 223 741 193 770 188 810"/></Shape>
	    <String CONTENT="Este es lyndo /. syntoda manzjlla"
                    HPOS="138.0"
                    VPOS="731.0"
                    WIDTH="613.0"
                    HEIGHT="100.0"></String>
          </TextLine>

          
          
          <TextLine ID="line_9"
                    TAGREFS="LT5883"
                    BASELINE="148 865 750 843" 
                    HPOS="146.0"
                    VPOS="801.0"
                    WIDTH="604.0"
                    HEIGHT="80.0">
            <Shape><Polygon POINTS="148 865 148 881 436 866 461 868 516 873 518 873 560 863 573 861 605 861 721 865 723 865 725 865 750 855 750 843 746 811 703 801 701 801 700 801 653 813 378 813 376 813 375 813 373 813 360 823 286 816 285 816 283 816 236 828 193 820 191 820 190 820 146 831 148 865"/></Shape>
	    <String CONTENT="fijo ⁊ njieto /. De rreyes notables"
                    HPOS="146.0"
                    VPOS="801.0"
                    WIDTH="604.0"
                    HEIGHT="80.0"></String>
          </TextLine>

          
          
          <TextLine ID="line_10"
                    TAGREFS="LT5883"
                    BASELINE="140 911 753 891" 
                    HPOS="138.0"
                    VPOS="850.0"
                    WIDTH="615.0"
                    HEIGHT="78.0">
            <Shape><Polygon POINTS="188 903 175 873 166 876 138 868 140 911 140 925 288 928 290 928 291 928 318 920 321 918 325 920 340 926 341 926 343 926 385 916 390 916 393 916 428 923 430 923 431 923 433 923 445 915 448 913 450 915 463 921 465 921 466 921 576 910 601 908 608 910 643 916 645 916 646 916 648 916 658 906 753 903 753 891 750 858 686 850 685 850 638 860 623 861 605 860 561 855 560 855 500 861 453 866 415 863 380 860 378 860 376 860 375 860 370 863 363 870 341 865 330 861 328 861 326 861 325 861 323 861 320 865 310 871 251 866 235 865 233 865 221 866 201 870 188 903"/></Shape>
	    <String CONTENT="de rreynas loadas /. ⁊ muy onorables"
                    HPOS="138.0"
                    VPOS="850.0"
                    WIDTH="615.0"
                    HEIGHT="78.0"></String>
          </TextLine>

          
          
          <TextLine ID="line_11"
                    TAGREFS="LT5883"
                    BASELINE="146 958 750 938" 
                    HPOS="145.0"
                    VPOS="895.0"
                    WIDTH="605.0"
                    HEIGHT="81.0">
            <Shape><Polygon POINTS="443 903 423 913 375 906 373 906 371 906 370 906 355 916 145 923 146 958 146 976 498 958 551 958 691 960 693 960 750 948 750 938 746 905 698 895 696 895 695 895 670 905 598 898 596 898 470 911 448 903 446 903 445 903 443 903"/></Shape>
	    <String CONTENT="por partes despanã /. ⁊ avn de sezilla"
                    HPOS="145.0"
                    VPOS="895.0"
                    WIDTH="605.0"
                    HEIGHT="81.0"></String>
          </TextLine>

          
          
          <TextLine ID="line_12"
                    TAGREFS="LT5883"
                    BASELINE="146 1006 718 983" 
                    HPOS="142"
                    VPOS="945"
                    WIDTH="573"
                    HEIGHT="77">
            <Shape><Polygon POINTS="517 947 492 947 467 947 442 950 417 950 412 950 142 970 145 1005 145 1022 715 1007 715 982 710 950 530 945 517 947"/></Shape>
	    <String CONTENT="asi que meresce /. la su alta sylla"
                    HPOS="142"
                    VPOS="945"
                    WIDTH="573"
                    HEIGHT="77"></String>
          </TextLine>

          
          
          <TextLine ID="line_13"
                    TAGREFS="LT5883"
                    BASELINE="145 1058 743 1036" 
                    HPOS="141.0"
                    VPOS="995.0"
                    WIDTH="602.0"
                    HEIGHT="80.0">
            <Shape><Polygon POINTS="145 1058 145 1075 206 1065 291 1070 326 1071 328 1071 330 1071 331 1071 331 1070 335 1068 343 1060 403 1065 440 1066 441 1066 443 1066 445 1066 450 1061 455 1058 488 1060 546 1063 548 1063 590 1055 615 1050 625 1053 645 1060 646 1060 648 1060 650 1060 651 1060 665 1051 666 1050 670 1051 693 1058 695 1058 696 1058 698 1058 743 1046 743 1036 738 995 501 1010 475 1006 433 1001 431 1001 430 1001 428 1001 418 1010 411 1013 388 1011 345 1006 343 1006 341 1006 326 1013 321 1016 313 1015 280 1006 278 1006 276 1006 275 1006 226 1018 220 1020 213 1020 163 1011 161 1011 160 1011 141 1020 145 1058"/></Shape>
	    <String CONTENT="ser ensalçada/. sobre quantas ssõ"
                    HPOS="141.0"
                    VPOS="995.0"
                    WIDTH="602.0"
                    HEIGHT="80.0"></String>
          </TextLine>

          
          
          <TextLine ID="line_14"
                    TAGREFS="LT5883"
                    BASELINE="148 1101 755 1081" 
                    HPOS="146.0"
                    VPOS="1040.0"
                    WIDTH="609.0"
                    HEIGHT="81.0">
            <Shape><Polygon POINTS="351 1051 350 1051 348 1051 331 1060 326 1061 318 1060 288 1055 286 1055 146 1068 148 1101 148 1113 196 1121 198 1121 240 1120 241 1120 243 1120 243 1118 245 1118 251 1110 253 1110 281 1118 283 1118 285 1118 428 1105 448 1103 451 1103 461 1111 463 1111 465 1111 466 1111 468 1111 500 1101 505 1101 521 1101 635 1106 636 1106 638 1106 640 1106 651 1096 653 1096 658 1096 701 1105 703 1105 753 1093 755 1081 750 1040 693 1050 635 1045 610 1043 608 1043 578 1048 535 1055 528 1050 523 1046 521 1046 520 1046 518 1046 516 1046 500 1051 481 1056 455 1053 416 1050 415 1050 413 1050 391 1056 381 1060 373 1058 353 1051 351 1051"/></Shape>
	    <String CONTENT="agora en espanã/. por donde aragõ"
                    HPOS="146.0"
                    VPOS="1040.0"
                    WIDTH="609.0"
                    HEIGHT="81.0"></String>
          </TextLine>

          
          
          <TextLine ID="line_15"
                    TAGREFS="LT5883"
                    BASELINE="146 1150 743 1130" 
                    HPOS="145.0"
                    VPOS="1088.0"
                    WIDTH="598.0"
                    HEIGHT="80.0">
            <Shape><Polygon POINTS="146 1150 146 1168 743 1145 743 1130 740 1098 648 1088 646 1088 645 1088 643 1088 643 1090 641 1090 633 1100 541 1091 540 1091 538 1091 503 1103 443 1095 441 1095 440 1095 391 1108 390 1108 386 1108 315 1100 313 1100 198 1115 190 1115 188 1115 170 1105 168 1105 166 1105 165 1105 145 1113 146 1150"/></Shape>
	    <String CONTENT="sera afregido/. sy nõ sele omjlla"
                    HPOS="145.0"
                    VPOS="1088.0"
                    WIDTH="598.0"
                    HEIGHT="80.0"></String>
          </TextLine>

          
          
          <TextLine ID="line_16"
                    TAGREFS="LT5883"
                    BASELINE="135 1240 750 1221" 
                    HPOS="133.0"
                    VPOS="1165.0"
                    WIDTH="617.0"
                    HEIGHT="86.0">
            <Shape><Polygon POINTS="135 1240 135 1251 748 1236 750 1221 748 1180 711 1165 710 1165 708 1165 560 1168 558 1168 556 1168 535 1185 510 1181 508 1181 506 1181 505 1181 498 1188 495 1190 466 1188 353 1181 351 1181 350 1181 348 1181 348 1183 336 1193 333 1195 321 1193 268 1185 266 1185 265 1185 263 1185 263 1186 253 1195 251 1196 238 1196 173 1190 171 1190 133 1198 135 1240"/></Shape>
	    <String CONTENT="aq̃ste es perfecto/. en todas las cosas"
                    HPOS="133.0"
                    VPOS="1165.0"
                    WIDTH="617.0"
                    HEIGHT="86.0"></String>
          </TextLine>

          
          
          <TextLine ID="line_17"
                    TAGREFS="LT5883"
                    BASELINE="141 1285 751 1268" 
                    HPOS="140.0"
                    VPOS="1233.0"
                    WIDTH="611.0"
                    HEIGHT="70.0">
            <Shape><Polygon POINTS="141 1285 141 1303 241 1295 313 1298 348 1300 350 1300 351 1300 363 1296 385 1290 400 1295 408 1298 410 1298 411 1298 436 1293 461 1288 470 1291 478 1296 480 1296 481 1296 641 1285 673 1283 680 1283 721 1290 723 1290 725 1290 751 1280 751 1268 748 1238 526 1233 525 1233 475 1243 446 1235 445 1235 443 1235 441 1235 440 1235 425 1245 385 1236 383 1236 305 1248 261 1240 260 1240 140 1253 141 1285"/></Shape>
	    <String CONTENT="tanto q̃l mundo/. lo preçia ⁊ lo ama"
                    HPOS="140.0"
                    VPOS="1233.0"
                    WIDTH="611.0"
                    HEIGHT="70.0"></String>
          </TextLine>

          
          
          <TextLine ID="line_18"
                    TAGREFS="LT5883"
                    BASELINE="145 1333 760 1316" 
                    HPOS="143.0"
                    VPOS="1275.0"
                    WIDTH="617.0"
                    HEIGHT="71.0">
            <Shape><Polygon POINTS="145 1333 145 1345 450 1346 451 1346 760 1328 760 1316 756 1285 641 1275 640 1275 513 1290 456 1280 455 1280 453 1280 421 1291 393 1281 391 1281 390 1281 143 1300 145 1333"/></Shape>
	    <String CONTENT="aqueste meresçe/. pͥmero enla fama"
                    HPOS="143.0"
                    VPOS="1275.0"
                    WIDTH="617.0"
                    HEIGHT="71.0"></String>
          </TextLine>

          
          
          <TextLine ID="line_19"
                    TAGREFS="LT5883"
                    BASELINE="145 1378 765 1363" 
                    HPOS="143.0"
                    VPOS="1320.0"
                    WIDTH="622.0"
                    HEIGHT="75.0">
            <Shape><Polygon POINTS="356 1328 355 1328 353 1328 351 1328 316 1338 308 1340 303 1338 275 1331 273 1331 271 1331 270 1331 268 1331 268 1333 260 1340 260 1341 143 1345 145 1378 145 1395 763 1376 765 1363 760 1320 698 1331 661 1323 651 1321 650 1321 513 1330 375 1338 370 1336 358 1328 356 1328"/></Shape>
	    <String CONTENT="por uer las sus manos/. fue̾t̃s ⁊ fe̾mosaᷤ"
                    HPOS="143.0"
                    VPOS="1320.0"
                    WIDTH="622.0"
                    HEIGHT="75.0"></String>
          </TextLine>

          
          
          <TextLine ID="line_20"
                    TAGREFS="LT5883"
                    BASELINE="146 1428 755 1410" 
                    HPOS="145.0"
                    VPOS="1370.0"
                    WIDTH="610.0"
                    HEIGHT="76.0">
            <Shape><Polygon POINTS="146 1428 146 1441 303 1446 305 1446 475 1433 531 1440 533 1440 755 1423 755 1410 751 1380 701 1370 700 1370 698 1370 696 1370 683 1380 643 1371 641 1371 585 1383 490 1378 488 1378 400 1388 368 1380 366 1380 365 1380 363 1380 336 1390 278 1383 276 1383 145 1396 146 1428"/></Shape>
	    <String CONTENT="por muchas ꝟtudes/.⁊ maraujllosas"
                    HPOS="145.0"
                    VPOS="1370.0"
                    WIDTH="610.0"
                    HEIGHT="76.0"></String>
          </TextLine>

          
          
          <TextLine ID="line_21"
                    TAGREFS="LT5883"
                    BASELINE="143 1476 766 1458" 
                    HPOS="141.0"
                    VPOS="1418.0"
                    WIDTH="625.0"
                    HEIGHT="85.0">
            <Shape><Polygon POINTS="191 1466 178 1436 141 1436 143 1476 143 1490 168 1503 170 1503 171 1503 173 1503 175 1503 191 1491 210 1500 211 1500 213 1500 215 1500 256 1488 310 1495 311 1495 368 1485 423 1496 425 1496 426 1496 456 1483 475 1491 476 1491 478 1491 541 1480 650 1490 651 1490 746 1486 748 1486 750 1486 766 1475 766 1458 761 1418 588 1431 353 1430 321 1430 320 1430 318 1430 316 1430 303 1440 203 1436 191 1466"/></Shape>
	    <String CONTENT="q̃ dios enel pusso/. q̃ son muy estrͣnãs"
                    HPOS="141.0"
                    VPOS="1418.0"
                    WIDTH="625.0"
                    HEIGHT="85.0"></String>
          </TextLine>

          
          
          <TextLine ID="line_22"
                    TAGREFS="LT5883"
                    BASELINE="141 1526 748 1511" 
                    HPOS="140.0"
                    VPOS="1471.0"
                    WIDTH="608.0"
                    HEIGHT="74.0">
            <Shape><Polygon POINTS="141 1526 141 1533 206 1545 208 1545 210 1545 238 1533 253 1543 255 1543 256 1543 258 1543 343 1541 390 1533 415 1528 746 1530 748 1511 745 1480 540 1471 538 1471 485 1473 483 1473 481 1473 461 1486 460 1486 445 1478 443 1478 441 1478 383 1488 380 1488 378 1488 341 1476 340 1476 338 1476 336 1476 296 1490 295 1491 230 1491 205 1480 203 1480 201 1480 140 1493 141 1526"/></Shape>
	    <String CONTENT="aq̃ste meresçe/. tͣer por sus mañas"
                    HPOS="140.0"
                    VPOS="1471.0"
                    WIDTH="608.0"
                    HEIGHT="74.0"></String>
          </TextLine>

          
          
          <TextLine ID="line_23"
                    TAGREFS="LT5883"
                    BASELINE="143 1571 755 1560" 
                    HPOS="141.0"
                    VPOS="1516.0"
                    WIDTH="614.0"
                    HEIGHT="75.0">
            <Shape><Polygon POINTS="576 1516 440 1530 435 1530 413 1520 408 1521 398 1521 371 1528 358 1521 351 1521 351 1523 341 1531 231 1526 230 1526 205 1528 191 1558 178 1533 141 1536 143 1571 143 1580 185 1591 186 1591 188 1591 190 1591 233 1578 236 1578 241 1578 308 1586 310 1586 311 1586 313 1586 328 1576 330 1576 396 1588 398 1588 400 1588 401 1588 401 1586 416 1575 418 1575 655 1583 656 1583 658 1583 693 1575 721 1581 723 1581 725 1581 726 1581 755 1566 755 1560 751 1523 578 1516 576 1516"/></Shape>
	    <String CONTENT="corona muy rryca/. de pͥedrͣs pͤçiosas"
                    HPOS="141.0"
                    VPOS="1516.0"
                    WIDTH="614.0"
                    HEIGHT="75.0"></String>
          </TextLine>

          
          
          <TextLine ID="line_24"
                    TAGREFS="LT5883"
                    BASELINE="140 1665 698 1648" 
                    HPOS="135"
                    VPOS="1562"
                    WIDTH="560"
                    HEIGHT="115">
            <Shape><Polygon POINTS="683 1562 658 1562 640 1562 135 1587 137 1665 137 1677 693 1672 695 1647 688 1562 683 1562"/></Shape>
	    <String CONTENT="Ca este es casto/. leal esforçado"
                    HPOS="135"
                    VPOS="1562"
                    WIDTH="560"
                    HEIGHT="115"></String>
          </TextLine>

          
          
          <TextLine ID="line_25"
                    TAGREFS="LT5883"
                    BASELINE="143 1706 750 1696" 
                    HPOS="141.0"
                    VPOS="1658.0"
                    WIDTH="609.0"
                    HEIGHT="60.0">
            <Shape><Polygon POINTS="256 1663 255 1663 235 1673 218 1665 216 1665 215 1665 213 1665 211 1665 211 1666 203 1675 201 1675 191 1691 180 1675 141 1675 143 1706 143 1718 750 1710 750 1696 746 1666 586 1658 585 1658 466 1668 446 1660 445 1660 443 1660 441 1660 405 1670 258 1663 256 1663"/></Shape>
	    <String CONTENT="catolico ⁊ dyno/. de toda alabança"
                    HPOS="141.0"
                    VPOS="1658.0"
                    WIDTH="609.0"
                    HEIGHT="60.0"></String>
          </TextLine>

          
          
          <TextLine ID="line_26"
                    TAGREFS="LT5883"
                    BASELINE="146 1755 755 1745" 
                    HPOS="145.0"
                    VPOS="1700.0"
                    WIDTH="610.0"
                    HEIGHT="76.0">
            <Shape><Polygon POINTS="146 1755 146 1776 246 1768 281 1773 306 1776 308 1776 331 1771 355 1766 373 1770 395 1775 396 1775 428 1768 448 1765 455 1768 466 1773 468 1773 470 1773 471 1773 486 1766 491 1765 515 1766 586 1771 588 1771 590 1771 591 1771 603 1763 605 1763 611 1763 718 1770 720 1770 721 1770 755 1758 755 1745 753 1711 731 1700 730 1700 728 1700 681 1710 561 1701 560 1701 558 1701 556 1701 556 1703 555 1703 546 1715 448 1715 353 1705 351 1705 350 1705 348 1705 333 1716 246 1706 245 1706 145 1720 146 1755"/></Shape>
	    <String CONTENT="pilar de iustiçia. con justa tẽprãça"
                    HPOS="145.0"
                    VPOS="1700.0"
                    WIDTH="610.0"
                    HEIGHT="76.0"></String>
          </TextLine>

          
          
          <TextLine ID="line_27"
                    TAGREFS="LT5883"
                    BASELINE="146 1803 771 1790" 
                    HPOS="145.0"
                    VPOS="1751.0"
                    WIDTH="626.0"
                    HEIGHT="69.0">
            <Shape><Polygon POINTS="146 1803 146 1820 770 1803 771 1790 768 1760 695 1751 693 1751 691 1751 661 1761 230 1761 228 1761 145 1771 146 1803"/></Shape>
	    <String CONTENT="alos mandamiẽtos/. de dios allegͣdo"
                    HPOS="145.0"
                    VPOS="1751.0"
                    WIDTH="626.0"
                    HEIGHT="69.0"></String>
          </TextLine>

          
          
          <TextLine ID="line_28"
                    TAGREFS="LT5883"
                    BASELINE="146 1855 726 1838" 
                    HPOS="145"
                    VPOS="1800"
                    WIDTH="618"
                    HEIGHT="71">
            <Shape><Polygon POINTS="146 1871 763 1855 763 1841 760 1810 608 1800 606 1800 605 1800 603 1800 603 1801 593 1810 548 1801 546 1801 545 1801 520 1813 518 1815 428 1815 425 1815 398 1805 396 1805 395 1805 393 1805 370 1815 310 1806 308 1806 145 1818 146 1855"/></Shape>
	    <String CONTENT="por ende meresçe/. que sea lo ado"
                    HPOS="145"
                    VPOS="1800"
                    WIDTH="618"
                    HEIGHT="71"></String>
          </TextLine>

          
          
          <TextLine ID="line_29"
                    TAGREFS="LT5883"
                    BASELINE="143 1898 755 1888" 
                    HPOS="141.0"
                    VPOS="1850.0"
                    WIDTH="614.0"
                    HEIGHT="61.0">
            <Shape><Polygon POINTS="191 1883 180 1863 141 1863 143 1898 143 1911 755 1906 755 1888 750 1850 203 1863 191 1883"/></Shape>
	    <String CONTENT="en estas partydas/.⁊ ẽ todo el mũdo"
                    HPOS="141.0"
                    VPOS="1850.0"
                    WIDTH="614.0"
                    HEIGHT="61.0"></String>
          </TextLine>

          
          
          <TextLine ID="line_30"
                    TAGREFS="LT5883"
                    BASELINE="140 1946 725 1929" 
                    HPOS="138"
                    VPOS="1893"
                    WIDTH="620"
                    HEIGHT="75">
            <Shape><Polygon POINTS="178 1913 138 1913 140 1946 140 1958 191 1968 193 1968 333 1958 418 1965 420 1965 421 1965 463 1955 528 1963 530 1963 758 1948 758 1936 755 1900 646 1893 645 1893 643 1893 626 1901 621 1905 616 1901 605 1895 603 1895 601 1895 540 1895 538 1895 536 1895 535 1895 535 1896 533 1896 526 1903 525 1908 448 1908 440 1906 393 1898 391 1898 390 1898 365 1908 363 1908 360 1908 340 1898 338 1898 336 1898 335 1898 306 1908 301 1910 296 1908 255 1900 253 1900 251 1900 226 1910 225 1911 225 1910 215 1901 213 1901 211 1901 210 1901 208 1901 206 1901 200 1906 188 1931"/></Shape>
	    <String CONTENT="aq̃ste se pude/. llamar el ssegundo"
                    HPOS="138"
                    VPOS="1893"
                    WIDTH="620"
                    HEIGHT="75"></String>
          </TextLine>

          
          
          <TextLine ID="line_31"
                    TAGREFS="LT5883"
                    BASELINE="140 1993 753 1985" 
                    HPOS="138.0"
                    VPOS="1945.0"
                    WIDTH="615.0"
                    HEIGHT="71.0">
            <Shape><Polygon POINTS="188 1975 181 1963 138 1963 140 1993 140 2006 270 2006 271 2006 316 2016 318 2016 373 2015 375 2015 376 2015 376 2013 385 2005 386 2005 410 2015 411 2015 413 2015 480 2006 501 2015 503 2015 505 2015 506 2015 541 2005 546 2003 551 2003 588 2013 590 2013 591 2013 753 2001 753 1985 750 1956 688 1945 686 1945 685 1945 683 1945 671 1953 628 1946 626 1946 625 1946 603 1958 541 1958 511 1946 510 1946 508 1946 280 1960 263 1950 261 1950 260 1950 258 1950 256 1950 231 1963 193 1963 188 1975"/></Shape>
	    <String CONTENT="ector el fruerte/. ẽ armas preçiado"
                    HPOS="138.0"
                    VPOS="1945.0"
                    WIDTH="615.0"
                    HEIGHT="71.0"></String>
          </TextLine>

          
          
          <TextLine ID="line_33"
                    TAGREFS="LT5883"
                    BASELINE="128 2090 756 2078" 
                    HPOS="126.0"
                    VPOS="2011.0"
                    WIDTH="630.0"
                    HEIGHT="94.0">
            <Shape><Polygon POINTS="676 2036 660 2036 653 2018 641 2011 640 2011 638 2011 581 2011 580 2011 578 2011 576 2011 548 2035 538 2045 521 2035 488 2016 486 2016 485 2016 483 2016 481 2016 481 2018 465 2033 450 2048 353 2048 315 2030 288 2016 286 2016 285 2016 126 2023 128 2090 128 2100 358 2105 360 2105 408 2095 413 2095 418 2095 485 2103 486 2103 488 2103 490 2103 506 2093 511 2093 575 2101 576 2101 693 2091 733 2098 735 2098 736 2098 756 2088 756 2078 751 2041 688 2041 681 2038 678 2036 676 2036"/></Shape>
	    <String CONTENT="Toda firmeza/. enel es fallada"
                    HPOS="126.0"
                    VPOS="2011.0"
                    WIDTH="630.0"
                    HEIGHT="94.0"></String>
          </TextLine>

          
          
          <TextLine ID="line_34"
                    TAGREFS="LT5883"
                    BASELINE="138 2133 775 2123" 
                    HPOS="136.0"
                    VPOS="2081.0"
                    WIDTH="639.0"
                    HEIGHT="77.0">
            <Shape><Polygon POINTS="251 2088 250 2088 220 2100 216 2101 136 2101 138 2133 138 2148 210 2148 211 2148 230 2158 231 2158 233 2158 278 2148 288 2146 305 2148 358 2155 360 2156 456 2156 456 2155 458 2155 473 2146 481 2143 506 2146 546 2153 548 2153 583 2146 603 2143 628 2146 665 2151 666 2151 773 2145 775 2123 771 2081 738 2081 736 2081 735 2081 733 2081 733 2083 725 2091 705 2083 701 2081 700 2081 698 2081 686 2083 651 2091 616 2086 595 2083 593 2083 591 2083 581 2086 560 2095 531 2088 511 2085 510 2085 481 2090 451 2096 418 2093 378 2088 376 2088 375 2088 356 2095 346 2098 323 2096 253 2088 251 2088"/></Shape>
	    <String CONTENT="con seso muy puro/. degrãd discreçiõ"
                    HPOS="136.0"
                    VPOS="2081.0"
                    WIDTH="639.0"
                    HEIGHT="77.0"></String>
          </TextLine>

          
          
          <TextLine ID="line_35"
                    TAGREFS="LT5883"
                    BASELINE="123 2185 756 2176" 
                    HPOS="121.0"
                    VPOS="2135.0"
                    WIDTH="635.0"
                    HEIGHT="60.0">
            <Shape><Polygon POINTS="188 2166 180 2150 173 2150 155 2141 153 2141 151 2141 150 2141 121 2148 123 2185 123 2195 755 2188 756 2176 753 2143 613 2135 611 2135 610 2135 580 2145 576 2145 570 2145 490 2136 488 2136 486 2136 451 2146 448 2146 446 2146 413 2138 411 2138 410 2138 408 2138 378 2146 273 2140 271 2140 270 2140 268 2140 253 2150 245 2150 196 2150 188 2166"/></Shape>
	    <String CONTENT="noches ⁊ dias/. la su Deuoçion"
                    HPOS="121.0"
                    VPOS="2135.0"
                    WIDTH="635.0"
                    HEIGHT="60.0"></String>
          </TextLine>

          
          
          <TextLine ID="line_36"
                    TAGREFS="LT5883"
                    BASELINE="138 2233 760 2223" 
                    HPOS="136.0"
                    VPOS="2181.0"
                    WIDTH="624.0"
                    HEIGHT="70.0">
            <Shape><Polygon POINTS="138 2233 138 2243 295 2251 296 2251 298 2251 326 2243 340 2251 341 2251 343 2251 345 2251 436 2241 450 2240 458 2240 501 2248 503 2248 545 2240 553 2238 558 2240 580 2246 581 2246 583 2246 760 2236 760 2223 756 2191 570 2181 568 2181 566 2181 565 2181 548 2193 465 2183 463 2183 461 2183 460 2183 440 2196 375 2196 345 2185 343 2185 341 2185 340 2185 310 2196 246 2186 245 2186 243 2186 210 2200 136 2200 138 2233"/></Shape>
	    <String CONTENT="es enla virgen. bien auẽturada"
                    HPOS="136.0"
                    VPOS="2181.0"
                    WIDTH="624.0"
                    HEIGHT="70.0"></String>
          </TextLine>

          
          
          <TextLine ID="line_37"
                    TAGREFS="LT5883"
                    BASELINE="141 2278 761 2268" 
                    HPOS="140.0"
                    VPOS="2235.0"
                    WIDTH="621.0"
                    HEIGHT="63.0">
            <Shape><Polygon POINTS="141 2278 141 2290 378 2298 380 2298 381 2298 415 2288 531 2296 533 2296 703 2286 745 2293 746 2293 748 2293 750 2293 761 2285 761 2268 758 2236 243 2235 241 2235 240 2235 238 2235 226 2245 140 2245 141 2278"/></Shape>
	    <String CONTENT="⁊ por el collar/. deuissa esmerada"
                    HPOS="140.0"
                    VPOS="2235.0"
                    WIDTH="621.0"
                    HEIGHT="63.0"></String>
          </TextLine>

          
          
          <TextLine ID="line_38"
                    TAGREFS="LT5883"
                    BASELINE="138 2326 758 2318" 
                    HPOS="136.0"
                    VPOS="2275.0"
                    WIDTH="622.0"
                    HEIGHT="73.0">
            <Shape><Polygon POINTS="138 2326 138 2338 171 2348 173 2348 175 2348 176 2348 203 2338 205 2338 206 2338 230 2348 231 2348 233 2348 235 2348 256 2338 261 2336 281 2338 346 2345 348 2345 756 2335 758 2318 755 2286 703 2276 701 2276 651 2285 621 2275 620 2275 618 2275 616 2275 595 2286 543 2276 541 2276 540 2276 505 2288 468 2278 466 2278 465 2278 463 2278 461 2278 461 2280 451 2288 418 2281 416 2281 361 2290 348 2280 346 2280 345 2280 265 2278 263 2278 261 2278 260 2278 260 2280 258 2280 253 2286 151 2280 150 2280 148 2280 146 2280 146 2281 136 2290 138 2326"/></Shape>
	    <String CONTENT="q̃ tiene põr honrra/. de sãta marya"
                    HPOS="136.0"
                    VPOS="2275.0"
                    WIDTH="622.0"
                    HEIGHT="73.0"></String>
          </TextLine>

          
          
          <TextLine ID="line_39"
                    TAGREFS="LT5883"
                    BASELINE="138 2370 761 2365" 
                    HPOS="136.0"
                    VPOS="2326.0"
                    WIDTH="625.0"
                    HEIGHT="69.0">
            <Shape><Polygon POINTS="138 2370 138 2385 336 2395 338 2395 340 2395 341 2395 341 2393 343 2393 351 2383 365 2383 515 2393 516 2393 565 2381 568 2381 571 2381 641 2391 643 2393 698 2393 698 2391 700 2391 701 2391 713 2381 738 2391 740 2391 741 2391 743 2391 745 2391 761 2380 761 2365 758 2336 551 2326 550 2326 548 2326 526 2338 405 2338 395 2328 393 2328 391 2328 390 2328 388 2328 386 2328 376 2336 150 2331 148 2331 146 2331 145 2331 136 2336 138 2370"/></Shape>
	    <String CONTENT="uençe cõqͥsta/. la grand morerya"
                    HPOS="136.0"
                    VPOS="2326.0"
                    WIDTH="625.0"
                    HEIGHT="69.0"></String>
          </TextLine>

          
          
          <TextLine ID="line_40"
                    TAGREFS="LT5883"
                    BASELINE="140 2418 765 2408" 
                    HPOS="138.0"
                    VPOS="2370.0"
                    WIDTH="627.0"
                    HEIGHT="85.0">
            <Shape><Polygon POINTS="188 2403 178 2385 173 2388 165 2380 165 2378 163 2378 161 2378 160 2378 158 2378 138 2388 140 2418 140 2443 163 2440 170 2445 178 2451 178 2453 180 2453 181 2453 238 2455 240 2455 306 2445 341 2453 343 2453 345 2453 346 2453 398 2440 421 2451 423 2451 425 2451 426 2451 461 2436 468 2433 578 2433 580 2433 608 2448 610 2448 611 2450 651 2450 651 2448 653 2448 655 2448 655 2446 671 2431 701 2443 703 2443 705 2443 765 2428 765 2408 761 2380 706 2370 705 2370 703 2370 701 2370 701 2371 691 2380 691 2381 616 2381 605 2371 603 2371 601 2371 563 2371 561 2371 560 2371 535 2383 535 2385 491 2385 378 2385 348 2375 346 2375 345 2375 343 2375 341 2375 323 2386 255 2376 253 2376 251 2376 250 2376 236 2388 200 2378 188 2403"/></Shape>
	    <String CONTENT="aq̃sto se puede/. prouar cõ granada"
                    HPOS="138.0"
                    VPOS="2370.0"
                    WIDTH="627.0"
                    HEIGHT="85.0"></String>
          </TextLine>

          
        </TextBlock>
        
        <TextBlock HPOS="823"
                   VPOS="290"
                   WIDTH="741"
                   HEIGHT="2154"
                   ID="block_1"
                   TAGREFS="BT13979">
          <Shape><Polygon POINTS="1564 290 1564 2444 823 2444 823 290"/></Shape>
          
          
          <TextLine ID="line_41"
                    TAGREFS="LT5883"
                    BASELINE="850 373 1463 345" 
                    HPOS="845.0"
                    VPOS="246.0"
                    WIDTH="618.0"
                    HEIGHT="137.0">
            <Shape><Polygon POINTS="850 373 850 383 1462 355 1463 345 1452 253 1437 263 1427 255 1418 248 1418 246 1417 246 1415 246 1413 246 1310 251 1308 251 1307 251 1307 253 1295 263 1288 270 1265 266 1208 256 1207 256 1205 256 1203 256 1203 258 1188 271 1145 311 1125 313 945 320 911 293 910 293 908 293 906 293 845 293 850 373"/></Shape>
	    <String CONTENT="Obro rrycamente/. la naturaleza"
                    HPOS="845.0"
                    VPOS="246.0"
                    WIDTH="618.0"
                    HEIGHT="137.0"></String>
          </TextLine>

          
          
          <TextLine ID="line_42"
                    TAGREFS="LT5883"
                    BASELINE="853 418 1463 391" 
                    HPOS="850.0"
                    VPOS="351.0"
                    WIDTH="613.0"
                    HEIGHT="75.0">
            <Shape><Polygon POINTS="853 418 853 426 1157 425 1158 425 1160 425 1160 423 1162 423 1168 415 1173 415 1365 415 1367 415 1463 400 1463 391 1460 360 1427 351 1425 351 1423 351 1382 361 1233 360 1232 360 1230 360 1193 370 1192 370 1188 370 1118 365 1117 365 1115 365 1077 375 1073 375 1065 375 965 371 963 371 850 383 853 418"/></Shape>
	    <String CONTENT="eneste señor/. Byen aventurado"
                    HPOS="850.0"
                    VPOS="351.0"
                    WIDTH="613.0"
                    HEIGHT="75.0"></String>
          </TextLine>

          
          
          <TextLine ID="line_43"
                    TAGREFS="LT5883"
                    BASELINE="855 466 1482 438" 
                    HPOS="851.0"
                    VPOS="393.0"
                    WIDTH="631.0"
                    HEIGHT="93.0">
            <Shape><Polygon POINTS="1418 395 1412 395 1410 395 1407 395 1375 408 1345 398 1342 398 1340 398 1338 398 1337 398 1333 400 1302 411 1240 403 1230 403 1228 403 1227 403 1223 405 1203 415 1168 406 1163 406 1162 406 1160 406 1158 406 1158 408 1157 408 1148 420 1075 421 1062 411 1060 411 1058 411 1057 411 1055 411 1048 413 1003 425 851 423 855 466 855 478 888 486 890 486 891 486 931 476 955 483 956 483 958 483 960 483 962 483 973 475 1110 476 1112 476 1158 466 1160 466 1222 471 1223 471 1225 471 1260 461 1263 461 1268 461 1328 466 1330 466 1332 466 1333 466 1343 458 1345 458 1347 458 1398 463 1400 463 1482 451 1482 438 1475 393 1420 393 1418 395"/></Shape>
	    <String CONTENT="q̃l fizo com̃o angel/. fermoso apuradͦ"
                    HPOS="851.0"
                    VPOS="393.0"
                    WIDTH="631.0"
                    HEIGHT="93.0"></String>
          </TextLine>

          
          
          <TextLine ID="line_44"
                    TAGREFS="LT5883"
                    BASELINE="855 513 1463 490" 
                    HPOS="853.0"
                    VPOS="453.0"
                    WIDTH="610.0"
                    HEIGHT="67.0">
            <Shape><Polygon POINTS="855 513 855 520 1277 513 1278 513 1280 513 1290 505 1292 505 1297 505 1332 511 1333 511 1462 498 1463 490 1460 456 1293 453 1292 453 1230 465 1223 465 1218 465 1155 458 1153 458 1152 458 1150 458 1150 460 1148 460 1142 468 1142 470 1022 473 1010 473 936 466 935 466 933 466 931 466 920 476 918 478 853 478 855 513"/></Shape>
	    <String CONTENT="onesto loçano/. leon en braueza"
                    HPOS="853.0"
                    VPOS="453.0"
                    WIDTH="610.0"
                    HEIGHT="67.0"></String>
          </TextLine>

          
          
          <TextLine ID="line_45"
                    TAGREFS="LT5883"
                    BASELINE="853 560 1468 538" 
                    HPOS="850.0"
                    VPOS="495.0"
                    WIDTH="618.0"
                    HEIGHT="75.0">
            <Shape><Polygon POINTS="1318 508 1302 508 1285 508 1268 508 1252 508 1235 508 1218 508 1202 508 1185 508 1168 508 1152 508 1135 508 1132 508 1037 516 896 513 895 513 850 523 853 560 853 570 1402 558 1468 546 1468 538 1465 503 1372 495 1370 495 1368 495 1322 506 1320 505 1318 508"/></Shape>
	    <String CONTENT="planetas ⁊ sinos/. le dieron alteza"
                    HPOS="850.0"
                    VPOS="495.0"
                    WIDTH="618.0"
                    HEIGHT="75.0"></String>
          </TextLine>

          
          
          <TextLine ID="line_46"
                    TAGREFS="LT5883"
                    BASELINE="855 606 1458 583" 
                    HPOS="851.0"
                    VPOS="541.0"
                    WIDTH="607.0"
                    HEIGHT="79.0">
            <Shape><Polygon POINTS="1412 541 1410 541 1408 541 1393 551 1327 545 1325 545 1287 546 1285 546 1283 546 1283 548 1282 548 1275 556 1197 550 1195 550 1193 550 1150 561 982 558 980 558 978 558 936 570 935 570 933 570 865 563 863 563 861 563 860 563 851 568 855 606 855 620 1147 620 1147 618 1148 618 1150 618 1150 616 1152 616 1158 606 1165 606 1238 615 1240 615 1292 603 1370 610 1372 610 1457 595 1458 583 1455 551 1413 541 1412 541"/></Shape>
	    <String CONTENT="las costelaçiones/. limarõ sugesto"
                    HPOS="851.0"
                    VPOS="541.0"
                    WIDTH="607.0"
                    HEIGHT="79.0"></String>
          </TextLine>

          
          
          <TextLine ID="line_47"
                    TAGREFS="LT5883"
                    BASELINE="853 655 1463 633" 
                    HPOS="851.0"
                    VPOS="590.0"
                    WIDTH="612.0"
                    HEIGHT="85.0">
            <Shape><Polygon POINTS="853 655 853 675 901 665 1023 668 1072 668 1073 668 1075 668 1077 668 1080 665 1088 658 1110 663 1122 666 1123 666 1125 666 1127 666 1135 663 1148 656 1158 661 1167 665 1168 665 1170 665 1172 665 1183 660 1193 656 1207 660 1227 663 1228 663 1230 663 1252 656 1268 653 1302 655 1367 658 1368 658 1462 646 1463 633 1460 598 1435 590 1433 590 1432 590 1368 603 1362 603 1347 603 1177 598 1175 598 1173 598 1150 610 1097 601 1095 601 1093 601 1045 613 990 606 988 606 987 606 985 606 975 616 973 618 851 620 853 655"/></Shape>
	    <String CONTENT="⁊ para batallas/. fezierõ lo presto"
                    HPOS="851.0"
                    VPOS="590.0"
                    WIDTH="612.0"
                    HEIGHT="85.0"></String>
          </TextLine>

          
          
          <TextLine ID="line_48"
                    TAGREFS="LT5883"
                    BASELINE="853 701 1467 685" 
                    HPOS="851.0"
                    VPOS="648.0"
                    WIDTH="616.0"
                    HEIGHT="65.0">
            <Shape><Polygon POINTS="980 651 978 651 977 651 977 653 975 653 970 661 851 665 853 701 853 713 1150 713 1152 713 1153 713 1165 705 1167 705 1172 705 1205 711 1207 711 1278 701 1285 701 1290 701 1338 708 1340 708 1467 695 1467 685 1463 650 1098 648 1097 648 1095 648 1067 658 982 651 980 651"/></Shape>
	    <String CONTENT="asy costelarõ/. su grand rrealeza"
                    HPOS="851.0"
                    VPOS="648.0"
                    WIDTH="616.0"
                    HEIGHT="65.0"></String>
          </TextLine>

          
          
          <TextLine ID="line_49"
                    TAGREFS="LT5883"
                    BASELINE="841 795 1482 770" 
                    HPOS="838.0"
                    VPOS="718.0"
                    WIDTH="644.0"
                    HEIGHT="90.0">
            <Shape><Polygon POINTS="841 795 841 808 1140 808 1222 805 1223 805 1225 805 1237 795 1238 795 1260 803 1262 803 1263 803 1482 785 1482 770 1478 726 1375 723 1373 723 1372 723 1358 726 1327 735 1277 726 1227 720 1225 720 1223 720 1222 720 1222 721 1220 721 1215 728 1207 740 1187 740 1167 728 1152 718 1150 718 1148 718 1147 718 1145 718 1143 718 1127 728 1105 741 965 750 938 730 935 726 933 726 931 726 930 726 838 730 841 795"/></Shape>
	    <String CONTENT="La Virgen muy santa/. dedios escogida"
                    HPOS="838.0"
                    VPOS="718.0"
                    WIDTH="644.0"
                    HEIGHT="90.0"></String>
          </TextLine>

          
          
          <TextLine ID="line_50"
                    TAGREFS="LT5883"
                    BASELINE="858 838 1460 823" 
                    HPOS="856.0"
                    VPOS="781.0"
                    WIDTH="604.0"
                    HEIGHT="79.0">
            <Shape><Polygon POINTS="858 838 858 850 921 860 923 860 987 858 988 858 990 858 1003 848 1057 856 1058 856 1203 843 1207 843 1208 843 1242 850 1243 850 1245 850 1262 841 1273 841 1430 846 1432 846 1433 846 1460 836 1460 823 1457 788 1392 781 1390 781 1388 781 1365 790 1357 793 1338 791 1287 785 1285 785 1283 785 1267 793 1263 795 1260 795 1232 786 1230 786 1228 786 1227 786 1225 786 1213 795 1212 798 1123 800 1105 800 998 791 997 791 995 791 993 791 975 803 973 803 886 796 885 796 883 796 856 806 858 838"/></Shape>
	    <String CONTENT="en quien siẽpre tiene/. cõplida esꝑãça"
                    HPOS="856.0"
                    VPOS="781.0"
                    WIDTH="604.0"
                    HEIGHT="79.0"></String>
          </TextLine>

          
          
          <TextLine ID="line_51"
                    TAGREFS="LT5883"
                    BASELINE="860 886 1467 871" 
                    HPOS="858.0"
                    VPOS="833.0"
                    WIDTH="609.0"
                    HEIGHT="70.0">
            <Shape><Polygon POINTS="860 886 860 903 1467 885 1467 871 1463 836 1263 833 1262 833 1260 833 1240 843 1233 846 1127 848 1120 846 1088 838 1087 838 1085 838 1083 838 1052 850 1048 850 1045 850 997 840 995 840 858 855 860 886"/></Shape>
	    <String CONTENT="aquesta lo guia/. por tal ordenança"
                    HPOS="858.0"
                    VPOS="833.0"
                    WIDTH="609.0"
                    HEIGHT="70.0"></String>
          </TextLine>

          
          
          <TextLine ID="line_52"
                    TAGREFS="LT5883"
                    BASELINE="860 933 1462 916" 
                    HPOS="858.0"
                    VPOS="878.0"
                    WIDTH="604.0"
                    HEIGHT="75.0">
            <Shape><Polygon POINTS="1325 880 1322 878 1032 898 978 888 977 888 858 903 860 933 860 950 1000 945 1012 946 1035 953 1037 953 1038 953 1040 953 1055 946 1060 943 1070 945 1095 951 1097 951 1098 951 1100 951 1102 951 1102 950 1103 950 1108 945 1108 943 1112 943 1135 950 1137 950 1138 950 1245 940 1280 936 1285 938 1300 945 1302 945 1303 945 1393 943 1460 931 1462 916 1458 888 1340 878 1338 878 1328 878 1325 880"/></Shape>
	    <String CONTENT="que biua gozoso/. en toda su vida"
                    HPOS="858.0"
                    VPOS="878.0"
                    WIDTH="604.0"
                    HEIGHT="75.0"></String>
          </TextLine>

          
          
          <TextLine ID="line_53"
                    TAGREFS="LT5883"
                    BASELINE="863 983 1463 960" 
                    HPOS="860.0"
                    VPOS="923.0"
                    WIDTH="603.0"
                    HEIGHT="83.0">
            <Shape><Polygon POINTS="863 983 863 998 901 1006 903 1006 951 996 960 995 963 996 988 1005 990 1005 992 1005 1038 993 1043 993 1045 993 1075 1000 1077 1000 1078 1000 1080 1000 1080 998 1087 991 1090 990 1117 991 1205 996 1207 996 1240 995 1242 995 1243 995 1243 993 1245 993 1248 986 1250 985 1258 986 1290 993 1292 993 1330 991 1332 991 1333 991 1333 990 1335 990 1338 985 1342 980 1350 985 1365 990 1367 990 1368 990 1462 980 1463 960 1460 931 1418 923 1417 923 1415 923 1378 933 1372 936 1273 938 1272 938 1262 930 1260 930 1258 930 1257 930 1255 930 1253 930 1243 938 1242 940 1195 940 1035 940 1033 940 1032 940 1030 940 1030 941 1023 946 1022 948 1017 946 992 940 990 940 988 940 860 951 863 983"/></Shape>
	    <String CONTENT="⁊ por le fazer/. mas graçia conplida"
                    HPOS="860.0"
                    VPOS="923.0"
                    WIDTH="603.0"
                    HEIGHT="83.0"></String>
          </TextLine>

          
          
          <TextLine ID="line_54"
                    TAGREFS="LT5883"
                    BASELINE="866 1031 1477 1011" 
                    HPOS="865.0"
                    VPOS="971.0"
                    WIDTH="612.0"
                    HEIGHT="79.0">
            <Shape><Polygon POINTS="866 1031 866 1043 990 1041 1002 1050 1003 1050 1005 1050 1007 1050 1008 1050 1032 1040 1063 1048 1065 1048 1067 1048 1170 1035 1175 1035 1178 1035 1220 1043 1222 1043 1477 1025 1477 1011 1472 971 865 1000 866 1031"/></Shape>
	    <String CONTENT="mando adoss seos/. que lo acõpañasẽ"
                    HPOS="865.0"
                    VPOS="971.0"
                    WIDTH="612.0"
                    HEIGHT="79.0"></String>
          </TextLine>

          
          
          <TextLine ID="line_55"
                    TAGREFS="LT5883"
                    BASELINE="863 1076 1483 1056" 
                    HPOS="861.0"
                    VPOS="1015.0"
                    WIDTH="622.0"
                    HEIGHT="86.0">
            <Shape><Polygon POINTS="863 1076 863 1101 1020 1088 1075 1093 1108 1095 1110 1095 1112 1095 1113 1095 1117 1090 1123 1085 1135 1090 1145 1093 1147 1093 1148 1093 1150 1093 1170 1088 1192 1083 1237 1085 1297 1088 1298 1088 1300 1088 1320 1081 1330 1078 1357 1080 1425 1085 1427 1085 1482 1073 1483 1056 1478 1015 1425 1026 1397 1016 1395 1016 1393 1016 1392 1016 1390 1016 1388 1016 1362 1028 1333 1020 1332 1020 1330 1020 1328 1020 1327 1020 1327 1021 1325 1021 1318 1030 1297 1021 1295 1021 1293 1021 1217 1033 1150 1025 1145 1025 1143 1025 1142 1025 1140 1025 1117 1038 1047 1038 1028 1028 1027 1028 1025 1028 1023 1028 1022 1028 1020 1028 997 1041 906 1043 896 1035 896 1033 895 1033 893 1033 891 1033 861 1033 863 1076"/></Shape>
	    <String CONTENT="⁊ que enlas conqͥstas/. del nõ seqͥtasẽ"
                    HPOS="861.0"
                    VPOS="1015.0"
                    WIDTH="622.0"
                    HEIGHT="86.0"></String>
          </TextLine>

          
          
          <TextLine ID="line_56"
                    TAGREFS="LT5883"
                    BASELINE="863 1126 1477 1110" 
                    HPOS="861.0"
                    VPOS="1066.0"
                    WIDTH="616.0"
                    HEIGHT="85.0">
            <Shape><Polygon POINTS="863 1126 863 1143 1043 1151 1045 1151 1150 1136 1170 1135 1187 1136 1277 1145 1278 1145 1345 1140 1347 1140 1348 1140 1348 1138 1350 1138 1355 1131 1357 1130 1362 1131 1395 1141 1397 1141 1398 1141 1477 1128 1477 1110 1475 1078 1435 1066 1433 1066 1432 1066 1430 1066 1407 1078 1310 1070 1308 1070 1307 1070 1305 1070 1288 1081 1253 1071 1252 1071 1250 1071 1162 1085 1115 1075 1113 1075 1112 1075 1110 1075 1110 1076 1108 1076 1100 1088 1075 1088 1048 1076 1047 1076 1045 1076 983 1090 948 1083 946 1083 861 1093 863 1126"/></Shape>
	    <String CONTENT="por que su hueste/. nõ fuese vençida"
                    HPOS="861.0"
                    VPOS="1066.0"
                    WIDTH="616.0"
                    HEIGHT="85.0"></String>
          </TextLine>

          
          
          <TextLine ID="line_57"
                    TAGREFS="LT5883"
                    BASELINE="860 1218 1467 1200" 
                    HPOS="858.0"
                    VPOS="1146.0"
                    WIDTH="609.0"
                    HEIGHT="95.0">
            <Shape><Polygon POINTS="1325 1166 1318 1151 1302 1165 1290 1173 1268 1166 1262 1165 1260 1165 1258 1165 1257 1165 1248 1168 1227 1175 1215 1168 1185 1153 1183 1153 1182 1153 1180 1153 1138 1173 1125 1178 1095 1175 1043 1168 1042 1168 953 1181 936 1183 935 1181 918 1170 916 1170 915 1170 913 1170 911 1170 858 1185 860 1218 860 1235 870 1241 871 1241 873 1241 875 1241 933 1231 1023 1238 1025 1238 1085 1226 1133 1235 1135 1235 1467 1215 1467 1200 1462 1158 1433 1158 1422 1148 1422 1146 1420 1146 1418 1146 1417 1146 1328 1148 1325 1166"/></Shape>
	    <String CONTENT="Pͥmero por onrra/. de caualleria"
                    HPOS="858.0"
                    VPOS="1146.0"
                    WIDTH="609.0"
                    HEIGHT="95.0"></String>
          </TextLine>

          
          
          <TextLine ID="line_58"
                    TAGREFS="LT5883"
                    BASELINE="860 1266 1470 1251" 
                    HPOS="858.0"
                    VPOS="1210.0"
                    WIDTH="612.0"
                    HEIGHT="73.0">
            <Shape><Polygon POINTS="860 1266 860 1283 1122 1283 1122 1281 1123 1281 1125 1281 1125 1280 1132 1275 1133 1273 1142 1273 1192 1280 1193 1280 1195 1280 1197 1280 1197 1278 1198 1278 1203 1271 1203 1270 1270 1270 1275 1270 1315 1276 1317 1276 1318 1276 1348 1268 1385 1275 1387 1275 1470 1263 1470 1251 1467 1220 1357 1210 1355 1210 1353 1210 1352 1210 1332 1223 1330 1223 1327 1223 1278 1211 1277 1211 1275 1211 1273 1211 1273 1213 1260 1223 1155 1220 1153 1220 1152 1220 1117 1228 1115 1228 1068 1216 1067 1216 1065 1216 1063 1216 1062 1216 1045 1230 998 1220 997 1220 995 1220 965 1231 935 1220 933 1220 931 1220 858 1235 860 1266"/></Shape>
	    <String CONTENT="diole por alferez/. al noble español"
                    HPOS="858.0"
                    VPOS="1210.0"
                    WIDTH="612.0"
                    HEIGHT="73.0"></String>
          </TextLine>

          
          
          <TextLine ID="line_59"
                    TAGREFS="LT5883"
                    BASELINE="866 1315 1472 1301" 
                    HPOS="865.0"
                    VPOS="1256.0"
                    WIDTH="607.0"
                    HEIGHT="75.0">
            <Shape><Polygon POINTS="866 1315 866 1330 1163 1331 1165 1331 1250 1321 1262 1321 1268 1321 1317 1328 1318 1328 1320 1328 1338 1320 1340 1320 1345 1320 1393 1326 1395 1326 1470 1316 1472 1301 1468 1263 1395 1256 1393 1256 1392 1256 1375 1265 1368 1268 1358 1266 1328 1258 1327 1258 1325 1258 1323 1258 1303 1268 1297 1270 1292 1268 1270 1260 1268 1260 1267 1260 1172 1271 1155 1273 1152 1271 1130 1263 1128 1263 1127 1263 1125 1263 1090 1275 1087 1275 1085 1275 1052 1265 1050 1265 1048 1265 1047 1265 1015 1276 1013 1276 1012 1276 953 1266 951 1266 950 1266 948 1266 948 1268 935 1278 890 1268 888 1268 886 1268 865 1278 866 1315"/></Shape>
	    <String CONTENT="santiago el apostol/. mas noble q̃lsol"
                    HPOS="865.0"
                    VPOS="1256.0"
                    WIDTH="607.0"
                    HEIGHT="75.0"></String>
          </TextLine>

          
          
          <TextLine ID="line_60"
                    TAGREFS="LT5883"
                    BASELINE="873 1363 1467 1350" 
                    HPOS="871.0"
                    VPOS="1310.0"
                    WIDTH="596.0"
                    HEIGHT="73.0">
            <Shape><Polygon POINTS="873 1363 873 1376 1018 1383 1020 1383 1022 1383 1023 1383 1033 1375 1315 1376 1317 1376 1450 1373 1452 1373 1453 1373 1467 1365 1467 1350 1465 1320 1443 1310 1442 1310 1440 1310 1387 1320 1260 1311 1258 1311 1257 1311 1255 1311 1238 1323 1188 1313 1187 1313 1185 1313 1183 1313 1163 1325 1020 1316 1018 1316 1017 1316 992 1328 895 1323 893 1323 891 1323 871 1330 873 1363"/></Shape>
	    <String CONTENT="para q̃ lydyase/. enla pͥmeria"
                    HPOS="871.0"
                    VPOS="1310.0"
                    WIDTH="596.0"
                    HEIGHT="73.0"></String>
          </TextLine>

          
          
          <TextLine ID="line_61"
                    TAGREFS="LT5883"
                    BASELINE="873 1413 1463 1396" 
                    HPOS="871.0"
                    VPOS="1361.0"
                    WIDTH="592.0"
                    HEIGHT="72.0">
            <Shape><Polygon POINTS="873 1413 873 1425 988 1433 990 1433 1108 1420 1133 1418 1140 1420 1160 1426 1162 1426 1163 1426 1217 1418 1227 1416 1235 1418 1277 1425 1278 1425 1280 1425 1282 1425 1282 1423 1290 1416 1293 1413 1303 1416 1330 1423 1332 1423 1333 1423 1462 1411 1463 1396 1458 1361 1180 1363 1047 1375 997 1368 995 1368 993 1368 992 1368 992 1370 990 1370 985 1376 933 1370 931 1370 930 1370 913 1378 881 1371 880 1371 878 1371 876 1371 876 1373 871 1376 873 1413"/></Shape>
	    <String CONTENT="⁊ por segurança/. de su conpania"
                    HPOS="871.0"
                    VPOS="1361.0"
                    WIDTH="592.0"
                    HEIGHT="72.0"></String>
          </TextLine>

          
          
          <TextLine ID="line_62"
                    TAGREFS="LT5883"
                    BASELINE="871 1458 1457 1443" 
                    HPOS="870.0"
                    VPOS="1400.0"
                    WIDTH="587.0"
                    HEIGHT="81.0">
            <Shape><Polygon POINTS="1395 1400 1393 1400 1392 1400 1392 1401 1380 1411 1377 1415 1318 1415 1308 1411 1290 1403 1288 1403 1287 1403 1285 1403 1267 1411 1255 1418 1192 1418 1183 1411 1178 1408 1178 1406 1177 1406 1175 1406 1173 1406 1172 1406 1170 1406 1165 1411 1157 1416 1025 1415 1023 1415 1022 1415 995 1423 870 1413 871 1458 871 1473 933 1481 935 1481 936 1481 965 1473 1258 1473 1260 1473 1332 1463 1385 1470 1387 1470 1457 1458 1457 1443 1453 1411 1397 1400 1395 1400"/></Shape>
	    <String CONTENT="le dyo asant joh̃n/. por su adalid"
                    HPOS="870.0"
                    VPOS="1400.0"
                    WIDTH="587.0"
                    HEIGHT="81.0"></String>
          </TextLine>

          
          
          <TextLine ID="line_63"
                    TAGREFS="LT5883"
                    BASELINE="873 1506 1468 1491" 
                    HPOS="871.0"
                    VPOS="1456.0"
                    WIDTH="597.0"
                    HEIGHT="72.0">
            <Shape><Polygon POINTS="873 1506 873 1520 911 1528 913 1528 1003 1516 1013 1516 1020 1516 1070 1525 1072 1525 1467 1505 1468 1491 1463 1456 1180 1465 1175 1465 1137 1458 1135 1458 1133 1458 1132 1458 1118 1466 1115 1466 1073 1460 1072 1460 1070 1460 1068 1460 1068 1461 1067 1461 1062 1468 1062 1470 871 1473 873 1506"/></Shape>
	    <String CONTENT="que dyxo al jnfante/. amjgo ferid"
                    HPOS="871.0"
                    VPOS="1456.0"
                    WIDTH="597.0"
                    HEIGHT="72.0"></String>
          </TextLine>

          
          
          <TextLine ID="line_64"
                    TAGREFS="LT5883"
                    BASELINE="876 1553 1465 1540" 
                    HPOS="875.0"
                    VPOS="1498.0"
                    WIDTH="590.0"
                    HEIGHT="85.0">
            <Shape><Polygon POINTS="876 1553 876 1570 948 1583 950 1583 1018 1568 1085 1580 1087 1580 1088 1580 1090 1580 1090 1578 1102 1568 1168 1575 1170 1575 1172 1575 1173 1575 1188 1563 1190 1561 1262 1561 1265 1561 1313 1575 1315 1575 1317 1575 1385 1573 1387 1573 1388 1573 1388 1571 1402 1560 1417 1571 1418 1571 1420 1571 1422 1571 1423 1571 1465 1556 1465 1540 1462 1508 1395 1498 1393 1498 1392 1498 1390 1498 1378 1508 1265 1501 1263 1501 1262 1501 1230 1511 1203 1503 1202 1503 1200 1503 1130 1513 1112 1505 1110 1505 1108 1505 1107 1505 1105 1505 1090 1515 988 1508 987 1508 985 1508 983 1508 983 1510 977 1515 968 1510 967 1510 965 1510 963 1510 875 1520 876 1553"/></Shape>
	    <String CONTENT="que oy vençeredes/. en este mjdja"
                    HPOS="875.0"
                    VPOS="1498.0"
                    WIDTH="590.0"
                    HEIGHT="85.0"></String>
          </TextLine>

          
          
          <TextLine ID="line_65"
                    TAGREFS="LT5883"
                    BASELINE="853 1645 1482 1630" 
                    HPOS="851.0"
                    VPOS="1565.0"
                    WIDTH="631.0"
                    HEIGHT="108.0">
            <Shape><Polygon POINTS="853 1645 855 1673 890 1663 916 1671 918 1671 920 1671 921 1671 931 1670 1003 1660 1032 1666 1038 1668 1040 1668 1042 1668 1480 1648 1482 1630 1480 1578 1457 1566 1455 1566 1453 1566 1362 1575 1333 1565 1332 1565 1330 1565 1328 1565 1327 1565 1312 1576 1258 1575 1257 1575 1255 1575 1248 1578 1232 1588 1183 1590 1123 1590 1087 1578 1065 1571 1063 1571 1062 1571 1008 1578 948 1585 936 1578 933 1575 931 1575 930 1575 928 1575 926 1575 920 1578 903 1585 851 1578 853 1645"/></Shape>
	    <String CONTENT="Asy fue por çierto/. q̃ fuerõ uẽçidos"
                    HPOS="851.0"
                    VPOS="1565.0"
                    WIDTH="631.0"
                    HEIGHT="108.0"></String>
          </TextLine>

          
          
          <TextLine ID="line_66"
                    TAGREFS="LT5883"
                    BASELINE="871 1695 1482 1681" 
                    HPOS="870.0"
                    VPOS="1638.0"
                    WIDTH="612.0"
                    HEIGHT="77.0">
            <Shape><Polygon POINTS="871 1695 871 1708 998 1715 1000 1715 1047 1705 1053 1705 1055 1705 1065 1713 1067 1713 1068 1713 1070 1713 1112 1705 1120 1703 1128 1705 1173 1711 1175 1711 1177 1711 1202 1703 1205 1701 1210 1703 1230 1710 1232 1710 1233 1710 1235 1710 1237 1710 1250 1701 1253 1700 1270 1701 1325 1708 1327 1708 1482 1696 1482 1681 1478 1638 1410 1638 1408 1638 1407 1638 1405 1638 1405 1640 1403 1640 1403 1641 1397 1648 1392 1641 1390 1641 1390 1640 1388 1640 1387 1640 1328 1640 1327 1640 1325 1640 1315 1645 1298 1653 1278 1646 1277 1646 1275 1646 1273 1646 1272 1646 1270 1646 1248 1655 1208 1650 1180 1646 1178 1646 1177 1646 1175 1646 1175 1648 1173 1648 1172 1651 1167 1658 1033 1658 1032 1658 1008 1648 1007 1648 1005 1648 930 1661 890 1650 888 1650 886 1650 885 1650 883 1650 870 1660 871 1695"/></Shape>
	    <String CONTENT="los jnfantes moros/. enestͣ sc̃afiestͣ"
                    HPOS="870.0"
                    VPOS="1638.0"
                    WIDTH="612.0"
                    HEIGHT="77.0"></String>
          </TextLine>

          
          
          <TextLine ID="line_67"
                    TAGREFS="LT5883"
                    BASELINE="880 1741 1482 1733" 
                    HPOS="878.0"
                    VPOS="1690.0"
                    WIDTH="604.0"
                    HEIGHT="75.0">
            <Shape><Polygon POINTS="880 1741 881 1765 923 1755 1058 1760 1110 1761 1112 1761 1187 1756 1272 1750 1328 1751 1445 1756 1447 1756 1448 1756 1482 1746 1482 1733 1478 1700 1367 1690 1365 1690 1363 1690 1333 1700 1250 1691 1248 1691 1247 1691 1245 1691 1235 1700 1225 1693 1223 1693 1222 1693 1220 1693 1218 1693 1217 1693 1205 1701 1188 1693 1187 1693 1185 1693 1107 1703 1097 1695 1095 1695 1093 1695 1025 1695 1023 1695 1022 1695 990 1705 921 1698 920 1698 878 1706 880 1741"/></Shape>
	    <String CONTENT="pues ya biẽ paresçe ⁊ se manjfiesta"
                    HPOS="878.0"
                    VPOS="1690.0"
                    WIDTH="604.0"
                    HEIGHT="75.0"></String>
          </TextLine>

          
          
          <TextLine ID="line_68"
                    TAGREFS="LT5883"
                    BASELINE="878 1791 1485 1776" 
                    HPOS="876.0"
                    VPOS="1736.0"
                    WIDTH="609.0"
                    HEIGHT="75.0">
            <Shape><Polygon POINTS="878 1791 878 1803 1078 1811 1080 1811 1082 1811 1113 1800 1138 1808 1140 1808 1142 1808 1240 1796 1302 1805 1303 1805 1305 1805 1307 1805 1307 1803 1315 1795 1333 1805 1335 1805 1337 1805 1462 1801 1463 1801 1485 1788 1485 1776 1480 1745 1427 1745 1418 1738 1418 1736 1417 1736 1415 1736 1413 1736 1412 1736 1390 1746 1388 1746 1387 1746 1348 1738 1347 1738 1345 1738 1327 1748 1325 1748 1313 1748 1213 1741 1212 1741 1210 1741 1192 1751 1190 1751 1187 1751 1150 1743 1148 1743 1147 1743 1145 1743 1145 1745 1137 1753 1135 1753 1132 1753 1087 1745 1085 1745 1083 1745 1082 1745 1082 1746 1080 1746 1073 1755 1070 1755 1035 1746 1033 1746 876 1758 878 1791"/></Shape>
	    <String CONTENT="el noble jnfante/. delos escogidos"
                    HPOS="876.0"
                    VPOS="1736.0"
                    WIDTH="609.0"
                    HEIGHT="75.0"></String>
          </TextLine>

          
          
          <TextLine ID="line_69"
                    TAGREFS="LT5883"
                    BASELINE="880 1840 1503 1825" 
                    HPOS="878.0"
                    VPOS="1781.0"
                    WIDTH="625.0"
                    HEIGHT="75.0">
            <Shape><Polygon POINTS="880 1840 880 1855 1203 1856 1205 1856 1207 1856 1225 1846 1228 1846 1247 1846 1363 1853 1365 1853 1502 1840 1503 1825 1498 1781 1367 1795 1300 1790 1260 1786 1258 1786 1257 1786 1245 1791 1232 1798 1225 1793 1220 1788 1218 1788 1217 1788 1215 1788 1213 1788 1200 1793 1190 1798 1160 1796 1095 1790 1093 1790 1035 1801 1023 1803 1020 1801 1010 1795 1008 1795 1007 1795 900 1795 898 1795 896 1795 895 1795 878 1803 880 1840"/></Shape>
	    <String CONTENT="q̃ dyos qujso. vngir ẽtre los naçidoᷤ"
                    HPOS="878.0"
                    VPOS="1781.0"
                    WIDTH="625.0"
                    HEIGHT="75.0"></String>
          </TextLine>

          
          
          <TextLine ID="line_70"
                    TAGREFS="LT5883"
                    BASELINE="880 1885 1490 1873" 
                    HPOS="878.0"
                    VPOS="1838.0"
                    WIDTH="612.0"
                    HEIGHT="70.0">
            <Shape><Polygon POINTS="880 1885 880 1901 888 1908 890 1908 891 1908 893 1908 895 1908 920 1900 1138 1905 1140 1905 1142 1905 1172 1895 1188 1903 1190 1903 1192 1903 1275 1893 1467 1898 1468 1898 1470 1898 1490 1886 1490 1873 1487 1838 1232 1838 1230 1838 1228 1838 1215 1845 1210 1846 1193 1845 1140 1840 1138 1840 1092 1848 1088 1848 1087 1848 1068 1841 1067 1841 1065 1841 1063 1841 1062 1841 1050 1850 1048 1850 1042 1850 995 1843 993 1843 878 1853 880 1885"/></Shape>
	    <String CONTENT="por destruymjẽto/. delos arrianos"
                    HPOS="878.0"
                    VPOS="1838.0"
                    WIDTH="612.0"
                    HEIGHT="70.0"></String>
          </TextLine>

          
          
          <TextLine ID="line_71"
                    TAGREFS="LT5883"
                    BASELINE="881 1931 1492 1920" 
                    HPOS="880.0"
                    VPOS="1888.0"
                    WIDTH="612.0"
                    HEIGHT="63.0">
            <Shape><Polygon POINTS="881 1931 881 1951 965 1943 975 1950 977 1951 978 1951 980 1951 982 1951 1025 1948 1073 1943 1113 1945 1190 1948 1192 1948 1193 1948 1217 1941 1228 1938 1235 1941 1250 1946 1252 1946 1253 1946 1365 1938 1402 1945 1403 1945 1492 1931 1492 1920 1488 1890 1053 1888 1052 1888 880 1900 881 1931"/></Shape>
	    <String CONTENT="⁊ por q̃ los nobles/. fieles xͥanos"
                    HPOS="880.0"
                    VPOS="1888.0"
                    WIDTH="612.0"
                    HEIGHT="63.0"></String>
          </TextLine>

          
          
          <TextLine ID="line_72"
                    TAGREFS="LT5883"
                    BASELINE="880 1985 1482 1973" 
                    HPOS="878.0"
                    VPOS="1926.0"
                    WIDTH="604.0"
                    HEIGHT="80.0">
            <Shape><Polygon POINTS="880 1985 880 1998 1045 2006 1047 2006 1048 2006 1050 2006 1050 2005 1052 2005 1057 1998 1092 2005 1093 2005 1143 1993 1147 1993 1148 1993 1173 2003 1175 2003 1177 2003 1178 2003 1180 2003 1198 1991 1275 1991 1305 2001 1307 2001 1308 2001 1362 1990 1392 2000 1393 2000 1395 2000 1463 1998 1465 1998 1467 1998 1482 1986 1482 1973 1478 1933 1367 1926 1365 1926 1363 1926 1343 1935 1342 1936 1338 1935 1318 1926 1317 1926 1315 1926 1313 1926 1312 1926 1312 1928 1302 1936 1300 1938 1287 1936 1240 1931 1238 1931 1162 1940 1155 1940 1153 1940 1128 1931 1127 1931 1125 1931 1123 1931 1092 1941 1088 1941 1087 1941 1048 1931 1047 1931 1045 1931 1043 1931 1013 1943 1012 1943 1007 1943 896 1935 895 1935 893 1935 891 1935 878 1941 880 1985"/></Shape>
	    <String CONTENT="syẽtan q̃ biuẽ/. por el defendidos"
                    HPOS="878.0"
                    VPOS="1926.0"
                    WIDTH="604.0"
                    HEIGHT="80.0"></String>
          </TextLine>

          
          
          <TextLine ID="line_73"
                    TAGREFS="LT5883"
                    BASELINE="878 2076 1533 2061" 
                    HPOS="876.0"
                    VPOS="2015.0"
                    WIDTH="657.0"
                    HEIGHT="75.0">
            <Shape><Polygon POINTS="878 2076 878 2090 1532 2080 1533 2061 1530 2025 1488 2015 1487 2015 1485 2015 1483 2015 1473 2023 1337 2018 1335 2018 1053 2033 1037 2025 1035 2025 1033 2025 958 2036 900 2028 898 2028 896 2028 876 2036 878 2076"/></Shape>
	    <String CONTENT="Por ende nõ duermã. estãdo oçiosos"
                    HPOS="876.0"
                    VPOS="2015.0"
                    WIDTH="657.0"
                    HEIGHT="75.0"></String>
          </TextLine>

          
          
          <TextLine ID="line_74"
                    TAGREFS="LT5883"
                    BASELINE="883 2120 1552 2116" 
                    HPOS="881.0"
                    VPOS="2073.0"
                    WIDTH="671.0"
                    HEIGHT="72.0">
            <Shape><Polygon POINTS="948 2076 931 2076 915 2076 898 2076 881 2083 883 2120 883 2133 938 2133 960 2143 962 2143 963 2145 1007 2145 1007 2143 1008 2143 1010 2143 1010 2141 1018 2135 1030 2143 1032 2143 1033 2143 1035 2143 1163 2135 1190 2143 1192 2143 1193 2143 1275 2131 1303 2141 1305 2141 1307 2143 1435 2143 1435 2141 1552 2128 1552 2116 1547 2073 1198 2083 1118 2081 950 2075 948 2076"/></Shape>
	    <String CONTENT="los grandes maestros/. q̃ notã por artẽ"
                    HPOS="881.0"
                    VPOS="2073.0"
                    WIDTH="671.0"
                    HEIGHT="72.0"></String>
          </TextLine>

          
          
          <TextLine ID="line_75"
                    TAGREFS="LT5883"
                    BASELINE="885 2173 1505 2161" 
                    HPOS="883.0"
                    VPOS="2123.0"
                    WIDTH="622.0"
                    HEIGHT="73.0">
            <Shape><Polygon POINTS="885 2173 885 2186 933 2196 935 2196 936 2196 975 2185 980 2185 985 2185 1032 2193 1033 2193 1102 2185 1145 2193 1147 2193 1148 2193 1150 2193 1150 2191 1152 2191 1157 2185 1235 2190 1237 2190 1238 2190 1265 2180 1268 2180 1272 2180 1323 2190 1325 2190 1327 2190 1357 2178 1368 2188 1370 2188 1372 2188 1373 2190 1415 2190 1415 2188 1505 2175 1505 2161 1502 2125 1267 2125 1265 2125 1263 2125 1237 2131 1228 2133 1225 2131 1213 2123 1212 2123 1210 2123 1208 2123 1162 2133 1160 2133 1158 2133 1102 2125 1100 2125 1098 2125 1080 2133 1062 2125 1060 2125 1058 2125 970 2136 910 2128 908 2128 906 2128 883 2138 885 2173"/></Shape>
	    <String CONTENT="nj̃ cessen loãdo/. ẽtodas las ꝑat̃s"
                    HPOS="883.0"
                    VPOS="2123.0"
                    WIDTH="622.0"
                    HEIGHT="73.0"></String>
          </TextLine>

          
          
          <TextLine ID="line_76"
                    TAGREFS="LT5883"
                    BASELINE="886 2221 1495 2215" 
                    HPOS="885.0"
                    VPOS="2171.0"
                    WIDTH="610.0"
                    HEIGHT="67.0">
            <Shape><Polygon POINTS="886 2221 886 2238 1453 2238 1453 2236 1493 2226 1495 2215 1492 2183 1442 2173 1440 2173 1380 2181 1348 2171 1347 2171 1345 2171 1343 2171 1342 2171 1342 2173 1330 2183 1243 2173 1242 2173 1150 2185 1122 2175 1120 2175 1118 2175 1117 2175 1078 2185 945 2176 943 2176 941 2176 940 2176 940 2178 930 2188 885 2188 886 2221"/></Shape>
	    <String CONTENT="aeste famoso/. entre los famosos"
                    HPOS="885.0"
                    VPOS="2171.0"
                    WIDTH="610.0"
                    HEIGHT="67.0"></String>
          </TextLine>

          
          
          <TextLine ID="line_77"
                    TAGREFS="LT5883"
                    BASELINE="885 2270 1508 2261" 
                    HPOS="883.0"
                    VPOS="2220.0"
                    WIDTH="625.0"
                    HEIGHT="71.0">
            <Shape><Polygon POINTS="885 2270 886 2291 911 2281 1013 2288 1055 2290 1057 2290 1058 2290 1072 2286 1092 2280 1107 2285 1120 2290 1122 2290 1123 2290 1125 2290 1137 2283 1148 2278 1158 2283 1168 2288 1170 2288 1172 2288 1208 2281 1228 2278 1233 2281 1248 2288 1250 2288 1252 2288 1253 2288 1255 2288 1268 2280 1273 2276 1288 2280 1325 2286 1327 2286 1433 2278 1452 2285 1453 2285 1455 2285 1508 2271 1508 2261 1503 2223 1280 2228 1277 2226 1260 2220 1258 2220 1257 2220 1197 2228 1188 2230 1185 2230 1167 2221 1165 2221 1163 2221 1105 2231 1097 2231 1090 2231 1027 2223 1025 2223 1023 2223 990 2233 988 2233 987 2233 931 2225 930 2225 883 2235 885 2270"/></Shape>
	    <String CONTENT="ꝑlados ⁊ legos/.⁊ avn rreligiosos"
                    HPOS="883.0"
                    VPOS="2220.0"
                    WIDTH="625.0"
                    HEIGHT="71.0"></String>
          </TextLine>

          
          
          <TextLine ID="line_78"
                    TAGREFS="LT5883"
                    BASELINE="881 2311 1505 2308" 
                    HPOS="880.0"
                    VPOS="2268.0"
                    WIDTH="625.0"
                    HEIGHT="72.0">
            <Shape><Polygon POINTS="905 2270 903 2270 880 2280 881 2311 881 2330 888 2335 890 2335 891 2335 893 2335 930 2326 941 2336 941 2338 943 2338 945 2338 946 2338 948 2338 978 2326 1068 2338 1070 2340 1132 2340 1132 2338 1133 2338 1135 2338 1148 2328 1162 2338 1163 2338 1165 2338 1167 2338 1168 2338 1193 2326 1390 2336 1392 2336 1503 2323 1505 2308 1500 2270 1337 2278 1328 2273 1322 2268 1320 2268 1318 2268 1257 2268 1255 2268 1203 2276 1173 2280 1163 2276 1147 2270 1145 2270 1143 2270 1142 2270 1118 2278 1112 2280 1108 2278 1097 2270 1095 2270 1093 2270 1092 2270 1090 2270 1088 2270 1088 2271 1080 2278 1078 2281 1035 2281 1033 2280 1027 2273 1027 2271 1025 2271 1023 2271 1022 2271 951 2278 906 2270 905 2270"/></Shape>
	    <String CONTENT="fagamos pͤgaria/. ala Virgẽ scã"
                    HPOS="880.0"
                    VPOS="2268.0"
                    WIDTH="625.0"
                    HEIGHT="72.0"></String>
          </TextLine>

          
          
          <TextLine ID="line_79"
                    TAGREFS="LT5883"
                    BASELINE="890 2363 1532 2356" 
                    HPOS="888.0"
                    VPOS="2315.0"
                    WIDTH="644.0"
                    HEIGHT="68.0">
            <Shape><Polygon POINTS="890 2363 890 2378 1357 2383 1358 2383 1532 2368 1532 2356 1528 2326 1435 2315 1433 2315 1432 2315 1430 2315 1430 2316 1422 2325 1407 2318 1405 2318 1403 2318 1402 2318 1373 2326 1368 2326 1365 2326 1345 2318 1343 2318 1342 2318 1302 2326 1297 2326 1295 2326 1285 2316 1283 2316 1282 2316 1280 2316 1223 2326 1205 2328 888 2326 890 2363"/></Shape>
	    <String CONTENT="q̃ guarde ⁊ ampare/. aeste q̃ espãta"
                    HPOS="888.0"
                    VPOS="2315.0"
                    WIDTH="644.0"
                    HEIGHT="68.0"></String>
          </TextLine>

          
          
          <TextLine ID="line_80"
                    TAGREFS="LT5883"
                    BASELINE="890 2413 1520 2406" 
                    HPOS="888.0"
                    VPOS="2363.0"
                    WIDTH="632.0"
                    HEIGHT="88.0">
            <Shape><Polygon POINTS="890 2413 890 2435 972 2446 973 2446 975 2446 977 2446 977 2445 985 2436 987 2436 995 2436 1050 2443 1052 2443 1085 2438 1107 2435 1127 2438 1182 2451 1183 2451 1248 2450 1250 2450 1252 2450 1262 2440 1265 2438 1272 2441 1298 2450 1300 2450 1302 2450 1303 2450 1305 2450 1305 2448 1313 2441 1322 2433 1352 2433 1368 2441 1377 2448 1378 2448 1380 2448 1382 2448 1383 2448 1398 2443 1408 2438 1418 2443 1432 2448 1433 2448 1435 2448 1520 2443 1520 2406 1517 2373 1475 2363 1473 2363 1472 2363 1450 2373 1447 2376 1285 2376 1282 2376 1260 2368 1258 2368 1257 2368 1255 2368 1238 2376 1227 2366 1225 2366 1223 2366 1222 2366 1220 2366 1185 2378 1182 2378 1173 2378 1073 2366 1072 2366 1013 2380 1002 2370 1002 2368 1000 2368 998 2368 958 2368 956 2368 955 2368 953 2368 953 2370 941 2381 888 2381 890 2413"/></Shape>
	    <String CONTENT="cõ su buena vida/. alos engañosos"
                    HPOS="888.0"
                    VPOS="2363.0"
                    WIDTH="632.0"
                    HEIGHT="88.0"></String>
          </TextLine>

          
        </TextBlock>
        
        <TextBlock HPOS="1790"
                   VPOS="38"
                   WIDTH="46"
                   HEIGHT="62"
                   ID="eSc_textblock_d78991c9"
                   TAGREFS="BT16581">
          <Shape><Polygon POINTS="1790 38 1790 100 1836 100 1836 38"/></Shape>
          
          
          <TextLine ID="eSc_line_af9e2a3a"
                    TAGREFS="LT5883"
                    BASELINE="1801 87 1825 84" 
                    HPOS="1801"
                    VPOS="84"
                    WIDTH="24"
                    HEIGHT="3">
            
	    <String CONTENT=""
                    HPOS="1801"
                    VPOS="84"
                    WIDTH="24"
                    HEIGHT="3"></String>
          </TextLine>

          
        </TextBlock>
        

        
      </PrintSpace>
    </Page>
  </Layout>
</alto>
