1924 3000
885 27 633 135 alfon: aluarez:

277 40 443 142 cantigas

183 211 1322 92 Aqui se comiençan las cantigas muy escandidas ⁊ graçiosa mente asona

183 273 1309 75 das las preguntas ⁊ rrespuestas sotiles ⁊ bien ordenadas ⁊ los dezires muy

181 316 1322 82 limados ⁊ bien fechos ⁊ de infinitas inuençiones que fizo ⁊ ordeno en su tienpo

183 370 1304 73 el muy sabyo ⁊ discreto uaron ⁊ muy syngular conponedor enesta muy graçiosa

186 416 1319 74 arte dela poetrya ⁊ gaya çiençia alfon aluarez de uilla sandino el qual por graçia

185 466 1297 67 infusa que dios enel puso fue esmalte ⁊ luz ⁊ espeio ⁊ corona ⁊ monarca deto

182 507 1088 100 dos los poetas ⁊ trobadores que fasta oy fueron en toda españa.

873.0 578.0 504.0 90.0 Quien te apela/. maristela

138.0 583.0 508.0 90.0 GEnerosa/. muy fermosa

888.0 655.0 490.0 75.0 flor del angel/. saludada

185.0 658.0 453.0 65.0 syn manzilla. Uirgẽ santa

176.0 698.0 472.0 68.0 Uirtuosa./ Poderosa

893 705 463 65 syn cabtela/. non rreçela

180.0 746.0 441.0 90.0 de qͥen luçifer. se espanta

883 747 440 88 la tenebrosa/. morada

190.0 810.0 183.0 46.0 tanta.

890.0 800.0 140.0 55.0 cryada

186.0 835.0 459.0 76.0 fue la tu/. grand omildat

888 815 470 95 fuste lympya/. Syn error

888 895 505 67 por quel alto/. Enperador

185.0 895.0 435.0 65.0 que toda/. la Trenidat

188.0 936.0 425.0 95.0 entyse ençierra. secanta

880 947 496 70 te nos dyo/. Por abogada

870 997 516 110 Que parryas/.  al/mexias

170.0 1013.0 458.0 85.0 Plazentero/. fue elpͥmero

881.0 1083.0 494.0 67.0 dixeron/. gentes discretas

185.0 1078.0 438.0 63.0 gozo senõra/. que ouiste

190.0 1133.0 435.0 58.0 quando el uero/. mẽsaiero

885 1127 463 73 geremias/. E yssayas

870 1180 521 77 daniel/.⁊ otras profetas

186.0 1175.0 435.0 85.0 te saluo. tu Respondiste

885.0 1233.0 142.0 60.0 poetas

183.0 1233.0 162.0 45.0 troxiste

185.0 1251.0 436.0 84.0 en tu Seno/. uyrginal

885 1240 503 105 te loan/. E Loaran

883.0 1325.0 475.0 51.0 ⁊ los santos/. cantaran

186.0 1316.0 442.0 62.0 al padre/. Celestial

182 1370 461 80 al qual/. syndolor pariste

883 1360 508 92 por ty engłia/. chançonetaᷤ

166.0 1438.0 475.0 78.0 Quien sabrya/. nin dyria

883 1427 490 105 Obeata/. yn maculata

186.0 1506.0 454.0 55.0 quanta fue/. tu omildãça

891.0 1508.0 464.0 73.0 syn error/. desde abeniçio

186.0 1550.0 452.0 66.0 o marya/. Puerta ⁊ uya

883.0 1566.0 474.0 47.0 byen barata/. quiẽ te cata

193.0 1600.0 427.0 81.0 de salud/. E de folgança

885 1610 503 72 mansa mente/. syn bollycio

188.0 1651.0 130.0 62.0 fyança

886.0 1655.0 171.0 63.0 seruiçio

183.0 1678.0 455.0 88.0 tengo enty/. muy dulçe flor

885 1675 476 95 faze adyos/. nr̃o Senõr

185.0 1741.0 465.0 70.0 que por ser/. tu Seruidor

890 1757 486 60 quiente syrue/. por amor

185.0 1790.0 470.0 68.0 aure de dyos/. Perdonãça

886.0 1798.0 511.0 58.0 non dando/. asus carnes uiçiͦ

171.0 1855.0 502.0 101.0 Noble rrosa/. fiia E esposa

876 1856 604 107 Esta cantyga de santa marya tã

178.0 1926.0 492.0 79.0 de dyos/. ⁊ su madre dyna

883 1940 607 66 noble ⁊ tan bien ordenada fizo

182 1982 488 70 amorosa/. es la tu Prosa

886 1985 601 71 el dicho alfonso aluarez de uilla

181.0 2028.0 482.0 68.0 aue estela/. Matutyna

886 2035 601 73 sandino su desfecha della por ar

180.0 2075.0 161.0 63.0 enclyna

878 2078 610 77 te destrybote la qual es muy biẽ

178.0 2113.0 487.0 80.0 tus oreias/. de Dulçor

881 2130 606 73 fecha ⁊ ordenada ⁊ graçiosa men

180.0 2171.0 478.0 72.0 oyendo/. A mi Pecador

881 2180 599 71 te assonada ⁊ tal que muchas ue

180.0 2218.0 465.0 97.0 ayudando/. me festyna

883 2225 595 75 zes dixo el dicho alfonsso alua

886 2273 591 72 rez que serya lybrado del ene

890 2320 318 83 migo por ella.
